2809 4900
412 333 954 406 PRAEFAT.
1004 334 1821 408 DEDICATORIA.
1994 359 2176 411 xxm

1647 454 1654 479 l

123 523 250 575 sunt.
343 510 515 575 Nam
594 505 769 610 quod
824 522 1045 575 utatur
1094 506 1470 577 auctoritate
1525 506 1856 578 Laurentii
1916 507 2176 591 vallae,

120 592 201 685 qui
234 608 402 679 neget
440 589 736 660 Tullium
780 592 918 661 eius
961 610 1284 662 auctorem
1333 618 1512 674 esse,
1564 591 1714 662 licet
1750 594 1887 687 ipse
1933 594 2174 682 Regius

151 677 437 745 rofiteatur
475 676 967 749 auctoritatibus
1016 703 1093 746 ex
1132 678 1309 747 omni
1376 677 1807 771 disputatione
1869 677 2173 748 tollendis

113 703 191 831 iic
223 764 715 831 contendendum
762 787 899 830 non
942 788 1120 845 esse,
1166 762 1471 833 salsitatis
1518 787 1664 830 eum
1711 764 1926 863 arguit
1981 764 2173 833 Beci-

110 848 319 916 dierum
352 848 656 916 adfirmat
705 874 825 930 ue,
885 832 1171 916 Vallam.
1199 848 1506 919 sexcentis
1552 846 1623 915 in
1669 847 1826 917 locis
1869 848 1989 917 sub
2048 875 2173 917 no-

108 933 243 1001 minc
294 932 618 1002 Ciceronis
761 931 1198 1003 hetoricorum
1268 934 1356 1003 ad
1424 932 1826 1001 Herennium
1897 932 2171 1003 adferre.

110 1017 316 1117 stylum
375 1034 594 1087 autem
672 1019 756 1087 ab
816 1017 962 1086 aliis
1019 1017 1226 1087 Tullii
1282 1017 1590 1112 operibus
1647 1018 1934 1086 alienum
1963 1046 1968 1055 ‘
1995 1020 2172 1112 quod

106 1104 314 1172 obiiciat
360 1103 614 1193 Regius
640 1154 662 1183 ,
738 1103 886 1172 inde
949 1103 1007 1171 ei
1064 1103 1432 1197 extorqueri
1489 1101 1612 1172 hoc
1674 1101 1986 1198 scriptum
2038 1129 2170 1172 non

107 1188 333 1277 patitur,
394 1189 554 1282 quia
617 1188 814 1257 dictio
869 1187 1013 1256 eius
1063 1214 1195 1255 non
1252 1188 1491 1280 ubique
1549 1190 1808 1271 eadem,
1870 1189 1983 1257 sed
2046 1213 2170 1282 pro

106 1274 353 1341 materiae
427 1270 746 1367 qualitate
823 1272 1161 1341 dissimilis
1237 1289 1334 1341 est
1385 1298 1520 1340 non
1581 1274 1779 1342 modo
1839 1274 1908 1341 in
1969 1273 2172 1343 variis

113 1357 389 1452 operibus,
434 1359 552 1426 sed
599 1358 792 1427 etiam
838 1358 905 1424 in
964 1383 1096 1426 uno
1162 1360 1518 1451 eodemque
1579 1358 1952 1441 volumine,
2012 1354 2168 1453 quia

110 1468 161 1539 se
191 1443 506 1512 exercuerit
534 1443 613 1540 in
652 1440 908 1511 diverso
945 1442 1199 1511 dicendi
1241 1468 1494 1530 genere,
1538 1441 1853 1538 aliterque
1888 1443 2165 1539 scripse-

106 1544 169 1594 nt
196 1528 437 1606 iuvenis,
483 1526 685 1596 ahter
725 1545 928 1596 aetate
975 1527 1107 1596 iam
1154 1528 1553 1597 confirmata.
1645 1530 1964 1596 Caussam
2008 1553 2164 1598 vero

104 1612 301 1680 nullam
332 1614 558 1697 video,
613 1639 731 1682 cur
771 1638 803 1680 s
876 1611 1012 1680 lum
1053 1612 1333 1683 auctoris
1389 1612 1583 1681 huius
1644 1630 1978 1706 tamquam
2035 1612 2164 1681 hu-

102 1695 274 1765 milem
325 1697 520 1766 nimis
589 1712 657 1766 et
706 1697 805 1765 ari
854 1723 964 1764 um
1023 1699 1187 1767 adeo
1247 1696 1597 1791 inprobent
1648 1694 1986 1783 nonnulli,
2049 1697 2166 1800 qui

102 1778 211 1850 licet
257 1781 636 1853 Ciceronem
690 1782 965 1878 quidem
1018 1781 1235 1877 ipsum
1307 1807 1442 1852 non
1518 1782 1816 1864 referat,'
1867 1782 1951 1851 ab
2025 1809 2162 1852 enus

102 1881 267 1933 tamen
312 1884 512 1936 aetate
564 1892 706 1935 non
767 1864 1110 1945 abhorret;
1185 1869 1301 1936 sed
1369 1888 1515 1936 cum
1589 1883 1928 1964 praecepta
2003 1868 2161 1938 artis

102 1949 422 2021 Rhetoricae
480 1953 739 2033 tradat,
818 1976 984 2045 quae
1041 1953 1257 2021 doceri
1319 1968 1656 2035 contenta,
1698 1955 1781 2022 ab
1827 1969 2060 2023 ornatu
2103 1974 2246 2023 xxm

105 2037 449 2185 {nmquam
523 2038 746 2106 dotem
823 2061 955 2104 non
1016 2036 1332 2132 requirit,
1403 2053 1574 2105 recte
1635 2054 1860 2106 auctor
1912 2055 2202 2108 tantum.

145 2137 327 2191 octons
380 2123 671 2192 breviter
708 2136 772 2190 et
816 2120 1098 2190 dilucide
1158 2138 1372 2216 partes
1426 2146 1577 2190 suas
1632 2120 1882 2213 agentis
1943 2123 2163 2192 officio

109 2203 302 2275 funcms
341 2224 470 2290 est,
518 2225 595 2276 ut
629 2205 772 2302 ipsc
817 2205 1031 2275 innuit
1056 2207 1132 2292 ¹¹¹)
1194 2206 1309 2275 lib.
1358 2211 1443 2275 11.
1499 2231 1637 2301 cap.
1687 2238 1741 2276 1·.
1825 2213 1905 2270 ln
1958 2216 2163 2291 primo

107 2293 221 2351 libro
255 2297 435 2355 locuti
472 2317 696 2355 sumus
736 2294 814 2354 de
856 2296 1101 2355 exordio
1121 2340 1138 2372 ,
1199 2298 1565 2373 narratione
1581 2342 1600 2368 ,
1656 2297 1988 2365 divisione,
2050 2319 2163 2357 nec

102 2379 330 2455 pluribus
379 2383 587 2447 verbis,
640 2402 833 2463 quam
895 2402 1138 2440 necesse
1180 2382 1329 2463 fuit
1342 2425 1358 2454 ,
1434 2402 1547 2440 neo
1613 2386 1821 2440 minus
1873 2378 2198 2457 dilucide?

109 2486 252 2543 quam
285 2481 342 2528 te
379 2470 533 2528 velle
575 2468 1104 2529 existimabamus.
1184 2470 1279 2535 Et
1306 2463 1398 2532 sic
1439 2463 1669 2533 Cicero
1701 2463 1897 2534 etiam
1928 2465 2042 2535 lib.
2076 2472 2160 2537 ΙΙ.

111 2548 164 2614 de
195 2553 406 2619 liment,
446 2575 589 2645 cap.
635 2555 698 2619 3.
742 2550 1084 2642 profitetur
1128 2575 1196 2618 se
1240 2548 1398 2618 artis
1455 2566 1798 2643 praecepta
1856 2556 2163 2636 simplici·
2225 2592 2232 2600 ·

107 2647 176 2692 ter
204 2643 317 2697 sine
360 2641 493 2698 ulla
537 2643 941 2699 exornatione
984 2634 1450 2727 expositurum.
1553 2635 1755 2721 Quod
1813 2662 1967 2706 vero
2025 2662 2160 2706 non
2261 2691 2266 2696 -

112 2718 279 2814 eadem
338 2722 550 2790 tradat
601 2705 866 2789 Tullius
939 2720 1008 2789 in
1063 2718 1223 2787 artis
1283 2716 1637 2814 Oratoriae
1697 2717 1927 2805 libris,
1987 2738 2160 2791 recte

112 2802 445 2894 d1stinguunt
496 2803 1192 2895 Nicolaus-Angelius
1251 2819 1314 2873 et
1369 2802 1828 2888 Bemchemus,
1887 2833 2036 2875 eum
2090 2807 2159 2874 in

116 2889 372 2959 oratoriis
425 2889 725 2959 omisisse
782 2888 936 2971 illa,
1055 2913 1174 2956 uae
1231 2887 1622 2956 Rhetoricen
1680 2890 1947 2985 proprie
2003 2917 2160 2985 spe-

112 2987 265 3056 etant,
302 3000 457 3069 quae
498 3001 649 3045 nem
704 3001 737 3043 e
777 2974 851 3041 in
892 2914 1532 3052 his‘ixhetoricomm
1580 2972 1767 3043 libris
1812 2975 1976 3044 olim
2020 2992 2160 3046 tra-

109 3071 363 3150 ctaverat,
405 3070 643 3156 querna
694 3062 958 3128 modum
1004 3057 1075 3127 in
1121 3054 1604 3151 Philosophicis
1631 3058 1911 3153 aliisque
1946 3059 2158 3153 scrip—

111 3155 168 3207 tis
200 3168 360 3237 saepe
400 3169 439 3213 a
478 3171 550 3215 se
604 3145 627 3213 i
674 3170 742 3215 se
787 3145 1074 3214 dissidet.
1161 3149 1404 3239 Porro·
1437 3144 1614 3244 quod
1674 3144 2158 3231 Quinctilianus

108 3247 203 3292 non
234 3229 581 3299 meminerit
627 3172 864 3301 Eorum
918 3229 1279 3311 librorum,
1338 3224 1504 3294 mlnl
1564 3228 1717 3298 inde
1774 3229 1982 3299 evinci
2041 3256 2159 3299 ur-

110 3329 283 3405 guent,
322 3341 459 3383 cum
499 3341 635 3384 non
677 3315 825 3384 ideo
868 3314 999 3383 sint
1043 3311 1289 3408 spurii,
1353 3313 1531 3405 quod
1592 3312 1709 3382 ille
1766 3315 2030 3384 nomine
2083 3340 2196 3384 ac.

111 3394 254 3463 titulo
286 3424 572 3493 expresso
610 3426 746 3469 non
786 3399 1151 3470 laudaverit
1188 3415 1311 3489 aut)
1338 3397 1762 3478 recensuerit,
1823 3417 1895 3469 ut
1950 3398 2159 3468 multa

111 3495 337 3550 veterum
374 3484 607 3579 scripta
650 3483 903 3562 omisit;
949 3486 1062 3553 sed
1102 3501 1317 3554 tamen
1363 3499 1584 3551 utatur
1630 3484 1842 3554 verbis
1888 3509 1964 3554 ac
2005 3510 2158 3553 sen-

115 3564 273 3633 tentiis
310 3593 379 3636 ex
415 3569 541 3640 hoc
581 3571 667 3639 ad
711 3570 1112 3638 Herennium
1158 3592 1351 3663 opere
1395 3566 1729 3650 desumtis,
1777 3568 1928 3639 licet
1967 3568 2159 3640 Cice—

114 3669 285 3718 ronem
332 3678 458 3721 non
514 3655 849 3734 nominet,
902 3655 1081 3748 quod
1133 3681 1209 3723 ex
1268 3651 1586 3720 modestia
1641 3669 1704 3720 et
1750 3652 2161 3724 veneratione

118 3737 425 3834 praesertim
469 3739 625 3809 facit
642 3740 971 3833 „quando
1016 3735 1349 3820 dissentit,
1408 3753 1483 3805 ut
1550 3736 2160 3844 soletrplerumque,
2257 3753 2260 3754 ’

119 3815 198 3882 ubl
229 3821 529 3920 Ciceronis
589 3823 967 3918 opinionem
1028 3824 1321 3918 aliquam
1376 3822 1703 3922 damnat,·
1743 3841 1856 3893 aut
1903 3850 2159 3894 vemam

121 3904 359 3990 praefari,
397 3927 508 3979 aut
546 3926 879 3980 auctorem
922 3908 1355 3980 dissimulare.
1443 3908 1581 3977 Sub
1626 3908 1962 3980 Ciceronis
2005 3935 2161 3981 vero

217 4109 447 4188 §eioppiu-
500 4118 799 4170 Verisimm.
848 4117 954 4180 ΙΙΙ,
1009 4116 1128 4183 13.;
1176 4114 1578 4188 Oudendorpius
1628 4118 1757 4172 inlu
1807 4104 1874 4171 nd
1931 4120 2041 4177 cic.
2095 4120 2200 4174 de‘

218 4193 376 4234 ment.
410 4185 436 4237 1
455 4220 472 4249 ,
504 4186 599 4241 56,
678 4189 729 4256 2)
766 4185 1026 4240 ostendit.
1162 4223 1173 4232 ,
1595 4187 1608 4202 ⁸
