2809 4900
559 335 681 385 m
916 312 1527 409 ,scnUE‘rzu
1588 314 1736 384 DE
1798 311 2323 384 AUCTORE

561 510 669 556 an.
725 491 906 578 1476.
965 482 1471 575 diligentissime
1515 483 1759 576 exegit:
1799 474 2051 554 “breves
2093 482 2255 552 illae
2299 500 2450 553 sunt
2489 483 2558 561 in
2593 483 2688 553 li-

558 573 718 645 bros
760 573 844 639 ad
888 570 1333 656 Herennium,
1399 570 1516 638 sed
1559 570 1893 639 uberiores
1950 568 2037 637 ad
2075 568 2429 639 Rhetorica
2486 571 2687 639 Cice-

562 655 745 726 ronis
787 656 866 725 de
908 655 1326 739 Inventione,
1387 655 1543 749 quia
1583 655 1654 725 in
1682 654 1953 726 illorum
1978 654 2400 751 praecipuam
2430 671 2690 752 partem

478 772 501 785 2
545 740 1013 829 ,desiderantur
1055 758 1248 811 notae
1293 742 1719 814 Graevianae.
1761 812 1766 819 ,

483 846 635 895 ηπ
761 831 935 896 Haec
975 842 1200 909 erant,
1243 829 1555 895 Swenns1
1608 823 2057 919 Amplissime,
2111 851 2280 920 quae
2325 831 2572 895 Tecum
2609 827 2691 896 de

563 927 827 1003 auctore?
884 909 1385 980 Rhetoricorum
1431 910 2043 994 Herennianorum,
2094 928 2160 980 et
2200 910 2406 1008 copiis
2464 911 2692 980 litera-

564 997 685 1077 tis,
745 997 981 1091 quibus
1021 1020 1260 1064 novam
1303 992 1471 1063 banc
1512 995 1868 1065 editionem
1917 996 2235 1079 instruxi,
2313 995 2694 1065 communi-

431 1150 449 1165 ,
564 1082 765 1152 canda
826 1097 889 1149 et
929 1079 1172 1149 iudicio
1219 1084 1367 1148 Tuo
1428 1080 1862 1150 submittenda
1919 1080 2272 1164 habebam,
2337 1081 2590 1175 quibus
2637 1082 2694 1150 si

564 1165 869 1237 nonnihil
910 1163 1224 1234 meruisse
1267 1189 1373 1233 me
1400 1164 1480 1233 de
1511 1165 1849 1248 Cicerone,
1893 1181 1957 1235 et
1989 1165 2439 1235 laudatissima
2473 1170 2692 1236 Grae-

563 1250 661 1319 vii
699 1250 982 1322 editione
1040 1247 1536 1341 locupletanda,
1612 1249 1770 1329 Tibi
1827 1249 2110 1344 aliisque
2168 1250 2394 1345 peritis
2451 1250 2696 1319 barum

561 1360 779 1407 rerum
827 1334 1091 1404 arbitris
1134 1334 1450 1417 videbor,
1502 1359 1637 1407 non
1684 1334 1824 1403 leve
1850 1359 2109 1428 ‚operae
2153 1336 2437 1430 pretium
2467 1335 2697 1405 tulisse

567 1447 672 1493 me
717 1419 1141 1503 existimabo,
1204 1418 1561 1513 eademque
1625 1418 1955 1489 alacritate
2012 1436 2078 1490 et
2116 1421 2354 1490 ardore
2407 1422 2494 1490 ad
2542 1420 2697 1490 lite-

524 1582 531 1591 ]
569 1530 680 1577 ras
723 1504 1188 1598 elegantioreS,
1249 1520 1570 1598 quantum
1613 1504 1686 1574 in
1731 1504 1924 1573 nobis
1965 1522 2098 1588 est,
2155 1521 2359 1600 por'ro
2415 1529 2696 1601 promo-

568 1592 834 1677 yendas,
881 1590 1146 1683 aliaque
1192 1587 1444 1657 maiora
1485 1590 1795 1659 tentanda
1842 1607 1907 1659 et
1948 1590 2094 1658 orbi
2141 1591 2397 1660 erudito
2443 1592 2696 1692 imper-

572 1676 794 1745 tienda
838 1702 943 1744 me
996 1673 1356 1764 accingam.
1420 1677 1669 1757 ‘Vale,·
1712 1675 1842 1742 Vir
1882 1675 2154 1759 eximie,
2233 1702 2468 1770 meque
2524 1693 2700 1746 mter

572 1760 826 1857 primos
882 1760 1194 1829 virtutum
1237 1763 1533 1829 'l'uarum
1577 1760 1859 1829 cultores
1913 1785 2297 1847 numerare,
2372 1787 2447 1830 ac
2485 1763 2699 1832 Musis

526 1866 533 1871 ·
574 1846 814 1944 nostris
860 1846 1075 1928 favere
1100 1868 1333 1938 perge.
1420 1845 1682 1917 Dabam
1726 1870 1763 1917 e
1808 1844 2314 1919 Santhorstiano
2357 1845 2519 1943 ipsis
2547 1853 2700 1918 No-

574 1955 682 2003 nis
743 1933 1018 2005 Octobr.
1068 1950 1435 2002 clamchx.

1969 2126 2038 2137 5—-

464 2326 471 2331 -
579 2192 1475 2383 scHUETzu
1569 2279 1789 2383 DE
1856 2275 2704 2411 AUCTORE
2781 2390 2782 2395 ψ

608 2459 619 2466 ’
718 2468 1211 2586 ιιΒΒοιωΜ
1254 2474 1385 2548 AD
1428 2472 1977 2546 HERENNIUM
1998 2446 2562 2545 SENTENTIA.

583 2667 726 2770 De
766 2718 1027 2772 auctore
1072 2702 1401 2774 librorum
1446 2704 1531 2773 ad
1570 2702 1981 2773 Herennium
2039 2698 2544 2791 diligentissime
2594 2727 2705 2771 ex-

581 2784 805 2878 posuit
842 2804 992 2880 post
1030 2794 1486 2858 Burmannum
1566 2793 1966 2852 Christianae
2019 2791 2416 2871 Godof'redus
2466 2792 2708 2850 Schue-

536 2885 551 2900 “
584 2878 800 2970 tzitta,
829 2871 1121 2966 primum
1164 2874 1234 2943 in
1276 2873 1560 2946 editione
1591 2872 2093 2945 Rhetoricorum
2126 2870 2494 2955 Ciceronis,
2529 2897 2707 2967 quae

582 2956 835 3061 produt
872 2956 950 3025 Li
1003 2958 1137 3028 siae
1177 2960 1352 3054 apud
1392 2958 1874 3029 Goeschenium
1917 2984 2086 3028 anno
2119 2979 2539 3040 emmonem,
2592 2959 2705 3026 de·-

586 3042 736 3113 1nde
781 3041 854 3109 in
897 3068 931 3109 e
981 3042 1182 3114 itione
1225 3043 1528 3113 omnium
1572 3067 1848 3138 operum
1895 3042 2270 3126 Ciceronis,
2333 3066 2498 3138 quae
2545 3067 2709 3136 pro-

586 3126 728 3198 dire
769 3127 984 3221 coepit
1032 3127 1295 3223 Lipsiae
1339 3154 1513 3199 anno
1562 3151 2000 3198 cmmcccnv.
2072 3142 2138 3196 et
2180 3153 2351 3197 nunc
2406 3127 2709 3197 absoluta

585 3230 700 3283 est.
790 3217 852 3280 Is
891 3212 1184 3305 primum
1229 3213 1619 3308 comparatis
1662 3214 1832 3284 inter
1872 3239 1942 3284 se
1985 3213 2184 3297 lociS,
2256 3237 2423 3307 quae
2483 3229 2711 3283 auctor

587 3296 1043 3367 Herennianus
1099 3317 1165 3368 et
1213 3297 1449 3370 Cicero
1514 3298 1764 3369 similia
1821 3316 1886 3370 et
1945 3324 2137 3394 saepe
2194 3300 2385 3393 paria
2441 3296 2706 3389 habent,

585 3381 714 3468 boc
752 3406 874 3476 pro
923 3400 1096 3452 certo
1137 3383 1391 3480 posuit,
1436 3380 1713 3454 alterum
1755 3411 1829 3454 ex
1860 3383 2068 3454 altero
2098 3382 2410 3456 hausisse.
2499 3384 2709 3451 Com-

586 3492 853 3537 munem
900 3466 1239 3563 utriusque
1282 3468 1529 3538 fontem
1582 3472 1907 3540 Graecum
1953 3467 2158 3538 fuisse
2199 3483 2544 3562 propterea
2580 3489 2709 3534 non

586 3550 933 3648 probabile
977 3552 1357 3636 dicitesse,
1430 3553 1588 3649 quia
1632 3554 1787 3625 citat
1840 3573 2113 3650 uterque
2176 3553 2390 3621 locum
2451 3549 2709 3622 Plauti-

556 3662 788 3724 num,
836 3635 1179 3734 Qomicum
1223 3637 1391 3708 falso
1438 3640 1951 3733 reprebendens;
1997 3667 2073 3710 ex
2117 3649 2250 3735 quo
2294 3636 2479 3736 sequi
2526 3650 2711 3731 putat

588 3721 1008 3804 Schuetzlus,
1065 3722 1342 3794 alterum
1370 3723 1454 3793 ab
1498 3724 1710 3796 altero
1750 3724 1820 3795 in
1852 3750 2137 3796 errorem
2185 3748 2323 3793 esse
2354 3723 2707 3791 mductum.

505 3829 511 3837 ·
586 3805 947 3888 Accedere,
1006 3810 1218 3902 quod,
1274 3809 1331 3878 si
1379 3812 1707 3879 Graecum
1752 3828 2022 3906 uterque
2084 3809 2331 3878 librum
2389 3806 2707 3903 vertisset,

584 3890 862 3989 difficile
904 3889 992 3959 sit
1036 3893 1399 3988 explicare,
1463 3894 1810 3988 quomodo'
1851 3913 1950 3967 tot
1992 3896 2170 3967 loc&
2196 3893 2432 3965 iisdem
2495 3892 2707 3961 verbis

591 3993 925 4075 potuerint
967 3978 1051 4046 ab
1093 3996 1372 4074 utroque
1422 3979 1781 4052 enunciari.

540 4127 549 4134 .
762 4063 1021 4132 Demde
1080 4063 1463 4134 certissimis
1537 4064 1939 4157 argumentis
2013 4063 2250 4136 evincit
2305 4059 2704 4140 Schuetzius,

575 4145 975 4217 'Ciceronem
997 4197 1020 4231 ,
1076 4173 1280 4245 quum
1320 4148 1526 4221 libros
1547 4175 1727 4254 ¹⁸suos
1769 4150 2161 4222 Rhetoricos
2183 4202 2203 4237 ,
2263 4148 2399 4245 qui·
2425 4172 2595 4218 nunc
2636 4148 2707 4208 de
