2809 4900
616 354 777 422 'xx‘n
922 344 1268 420 PETRI
1314 344 1897 424 BURMANM
1948 348 2441 421 SECUNDI

618 517 887 588 {eriora‘
918 530 1213 615 flempora
1255 530 1586 595 auctorem
1642 521 1815 590 hunc
1872 521 2211 603 detrudat,
2275 536 2342 590 et
2381 518 2764 591 hallucine-

620 614 741 673 ’τὴν
784 626 921 674 esse
954 600 1381 687 Timolaum,
1427 606 1752 677 Zenobiae
1797 605 2045 686 filium,
2089 630 2294 673 unum
2336 630 2414 673 ex
2443 606 2762 696 tringinta

554 772 567 779 -
631 693 1087 759 Romanorum
1131 693 1420 782 tyrannis
1466 709 1756 784 tempore
1817 689 2196 772 Aureliani,
2262 690 2413 783 quia
2470 692 2760 759 Trebel-

632 771 764 844 lius
800 773 1023 851 Pollio
1063 772 1442 846 Timolaum
1486 776 1657 845 hunc
1720 774 2193 844 Grammatices
2257 790 2322 843 et
2378 772 2764 846 Rhetorices

683 858 1101 935 eritissimum
1148 860 1402 930 laudat:
1458 861 1609 929 liuic
1651 876 1865 929 autem
1910 885 2055 928 cum
2101 858 2304 928 frater
2345 875 2502 927 natu
2541 861 2766 929 maior

628 884 834 1019 Ξιειὶῑ
877 945 1361 1028 Herennianus,
1456 945 1524 1012 ui
1567 962 1631 1014 et
1669 944 1808 1039 ipse
1846 944 2194 1039 imperium
2237 942 2602 1027 adfectavit,
2646 946 2780 1031 sed,

630 1040 905 1124 ‘uterque
948 1042 1093 1101 c'um
1142 1032 1224 1099 ab
1265 1037 1440 1099 Aure
1475 1029 1622 1098 iano
1663 1028 2088 1111 essent.victi,
2133 1044 2197 1096 et
2237 1025 2307 1095 in
2348 1027 2764 1123 triumphum

633 1138 784 1184 cum
826 1128 1033 1182 matre
1075 1114 1361 1183 Zenobia
1404 1114 1612 1195 ducti,
1667 1112 2073 1203 indulgentia
2119 1129 2334 1181 tamen
2391 1116 2766 1219 Imperato-

632 1188 729 1267 §ris
771 1198 838 1265 in
872 1210 1040 1289 ‚agro
1078 1199 1428 1268 Tiburtino
1488 1200 1806 1294 privatam
1859 1198 2060 1266 vitam
2115 1221 2307 1285 agere
2361 1197 2523 1266 iussi
2583 1216 2761 1282 sunt,

630 1283 706 1350 in
749 1307 879 1375 quo
925 1283 1057 1351 otio
1101 1282 1480 1352 Timolaum
1523 1282 1875 1379 praeceptis
1921 1281 2022 1350 his
2068 1281 2441 1351 Rhetorices
2484 1283 2763 1353 fratrem

637 1366 1481 1438 Herennianum'imbuisse
1524 1368 1816 1451 coniicit,
1857 1384 1931 1436 ut
1976 1366 2149 1435 exilii
2185 1364 2283 1434 sui
2311 1366 2611 1441 dolorem
2641 1369 2766 1438 hac

730 1451 823 1519 asi
900 1452 1344 1523 exercitatione
1423 1454 1708 1537 erudita,
1780 1452 2330 1548 quemadmodum
2399 1453 2762 1545 Dionysius

638 1477 980 1619 Ἑπίηὼἰ,
1025 1535 1316 1620 falleret,
1359 1564 1393 1606 e
1439 1556 1711 1628 tyranno
1754 1555 1817 1607 et
1857 1538 2483 1626 Pseudo-Augusto
2531 1537 2763 1608 litera-

640 1648 795 1690 rum
836 1621 1142 1711 magister
1182 1620 1411 1693 sacms.
1513 1620 1889 1693 Timolaum
1932 1621 2140 1723 igitur
2180 1619 2250 1689 in
2296 1622 2572 1712 gratiam
2623 1624 2764 1691 fra-

641 1707 760 1775 tris
807 1706 1204 1775 Herenniani
1251 1705 1636 1812 opusculum
1676 1709 1803 1776 hoc
1857 1706 2188 1800 scripsisse
2249 1707 2767 1778 comminiscitur

557 1804 671 1858 xv!
730 1791 998 1881 RegiuS,
1043 1817 1118 1862 ac
1162 1795 1434 1887 prolude
1480 1792 1841 1895 suspicatur
1880 1791 2146 1860 nomina
2188 1797 2456 1854 Timolai
2496 1797 2589 1856 ad
2625 1800 2764 1857 He-

642 1884 1052 1956 rennianum,
1097 1879 1477 1949 obscuriora
1520 1904 1632 1973 qui
1727 1903 1799 1959 e,
1835 1875 2183 1971 posteriori
2226 1877 2445 1946 seculo
2489 1878 2574 1949 ab
2634 1880 2764 1947 im-

641 1961 867 2057 peritis
926 1978 1176 2033 mutata
1230 1963 1430 2033 fuisse
1491 1962 1561 2031 in
1637 1973 1676 2026 ‘1
1734 1968 1834 2025 llic·
1900 1965 1991 2024 ad
2055 1964 2464 2027 Herennium.
2585 1968 2764 2033 Haec

642 2063 859 2117 autem
900 2046 1101 2131 nul-lis
1163 2048 1558 2150 argumentis
1614 2049 1891 2144 probata
1952 2046 2153 2135 gratis
2180 2049 2255 2134 ¹¹¹)
2311 2064 2566 2117 tantum
2631 2050 2761 2116 fin-

643 2149 888 2224 guntur
911 2183 931 2215 ,
989 2155 1065 2202 ac
1104 2136 1376 2228 proinde
1436 2134 1606 2202 inter
1659 2131 2003 2203 temeraria
2064 2131 2309 2221 ingenii
2371 2133 2762 2202 luxuriantis

644 2233 1009 2287 commenta
1053 2220 1388 2289 reserenda
1433 2233 1617 2297 sunt;
1664 2243 1798 2287 non
1826 2216 1999 2287 enim
2032 2216 2372 2287 Timolaus
2403 2217 2518 2286 ille
2552 2218 2767 2289 libro-

644 2326 796 2371 rum
840 2300 1078 2371 horum
1121 2321 1345 2374 auctor
1388 2328 1524 2372 esse
1567 2301 1708 2372 ullo
1752 2304 1949 2373 modo
2040 2317 2243 2386 otest,
2288 2302 2343 2371 si
2387 2326 2618 2373 verum
2663 2303 2764 2385 sit,

698 2388 827 2457 uod
866 2386 1298 2483 ipse-Regius
1344 2389 1680 2472 adfirmat,
1724 2386 1986 2477 Quincti
2019 2388 2241 2456 ianum
2282 2386 2602 2458 nonnulla
2646 2389 2766 2458 ad-

558 2519 561 2526 ·
676 2499 863 2556 erre,
908 2499 1072 2568 quae
1116 2475 1183 2543 in
1227 2474 1352 2544 hoc
1393 2500 1588 2581 opere
1632 2490 2002 2558 occurrant,
2063 2498 2211 2542 cum
2271 2474 2385 2542 diu
2487 2491 2588 2543 ost
2633 2475 2765 2543 eius

644 2573 921 2627 aetatem
989 2559 1331 2634 Timolaus
1394 2559 1662 2642 vixerit,
1754 2584 1949 2654 quem
2034 2558 2114 2626 de
2198 2575 2336 2628 arte
2477 2559 2765 2629 betorica

646 2642 1024 2736 scripsisse,
1099 2661 1212 2714 aut
1278 2644 1334 2713 si
1410 2643 1699 2738 aliquam
1775 2641 2096 2712 eiusmodi
2154 2643 2764 2713 commentationem

647 2728 1012 2822 scripserit,
1053 2729 1247 2799 huius
1287 2753 1410 2824 pro
1460 2744 1633 2797 terea
1678 2746 2007 2798 auctorem
2052 2752 2213 2810 esse,
2257 2727 2522 2822 probari
2566 2729 2762 2798 etiam

646 2836 783 2880 non
842 2830 1093 2907 potest,
1164 2813 1314 2884 licet
1442 2811 1747 2883 rebellius
1829 2839 1978 2881 eum
2049 2812 2431 2882 Rhetorices
2480 2814 2764 2906 peritum

624 2896 851 2967 ‘fuisse
900 2896 1090 2969 dicat.
1175 2898 1502 2969 Miramur
1545 2921 1697 2967 vero
1743 2897 2103 2994 Raphaelis
2148 2896 2340 2967 huius
2389 2897 2580 2998 Regii
2645 2900 2764 2967 ah—

647 2983 917 3051 surdam
951 2984 1108 3054 satis
1137 2983 1630 3053 inconstantiam
1669 2983 1740 3051 in
1782 2983 2125 3054 excitandis
2258 2983 2352 3052 asi
2385 2984 2468 3052 ab
2509 2983 2763 3053 inferno

648 3068 860 3138 tribus
934 3067 1128 3138 huius
1204 3067 1500 3162 opusculi
1553 3068 1924 3138 auctoribus
1986 3084 2116 3136 tam
2223 3068 2465 3138 iversae
2519 3068 2767 3148 aetatis,

650 3151 1004 3223 Cornificio
1047 3154 1381 3236 videlicet,
1451 3153 1566 3249 qui
1613 3152 1947 3223 Ciceronis
1989 3177 2148 3221 aevo
2190 3152 2460 3235 vixerit,
2529 3152 2766 3244 Virgi-

648 3237 798 3321 nio,
861 3239 1282 3329 (Virginium
1326 3241 1575 3309 Rufum
1615 3236 1790 3307 male
1831 3247 2056 3335 vocat)
2098 3263 2293 3332 quem
2337 3239 2458 3307 sub
2503 3242 2766 3307 Nerone

648 3321 1042 3392 iuventutem
1112 3324 1181 3391 in
1255 3324 1387 3392 Elo
1439 3323 1688 3393 uentiae
1745 3323 1958 3391 studio
2028 3323 2380 3392 exercuisse
2436 3348 2511 3390 su
2562 3347 2638 3392 ra
2694 3347 2767 3390 ex

650 3407 877 3476 Tacito
924 3408 1236 3490 vidimus,
1284 3424 1348 3478 et
1435 3409 1665 3504 enique
1711 3404 2018 3475 Timolao
2039 3459 2057 3492 ,
2107 3424 2377 3502 tyranno
2444 3346 2565 3478 sug
2627 3415 2765 3475 Au-

650 3491 931 3562 reliane.
1016 3493 1325 3583 Singulis=
1352 3495 1523 3562 enim
1567 3511 1699 3563 tam
1766 3490 2005 3561 diversi
2061 3493 2371 3587 temporis
2429 3491 2767 3588 aetatibus,

746 3576 890 3646 ibus
933 3576 1320 3648 dissimilem
1375 3580 1731 3648 admodum
1785 3576 2069 3647 formam
2131 3602 2206 3647 ac
2265 3575 2496 3647 faciem
2558 3575 2768 3646 induit

651 3600 881 3752 lliigua
918 3662 1176 3746 Latina,
1221 3663 1464 3757 stylum
1507 3680 1572 3732 et
1612 3663 1958 3732 dictionem
1999 3661 2194 3732 huius
2257 3663 2473 3759 operis
2531 3685 2766 3731 conve-

651 3747 837 3829 nire,
925 3748 1288 3818 robandum
1328 3749 1455 3843 ipsi
1497 3747 1743 3817 fuisset.
2708 3829 2724 3844 ⁶

820 3771 1052 3926 ngque
1093 3833 1284 3903 etiam
1313 3850 1696 3937 argumenta
1725 3832 1943 3926 Regii,
1991 3834 2225 3965 fluibus
2273 3831 2577 3903 Ciceroni
2619 3832 2761 3929 ad}-

642 3941 825 3985 mere
869 3915 994 3986 hoc
1025 3942 1214 4015 ‘opus
1271 3920 1618 4005 adnititur,
1679 3919 1923 4014 absque
1947 3920 1988 3963 ¹*
2038 3932 2061 4008 )
2106 3919 2289 3988 omni
2331 3935 2763 3989 controversia

716 4123 769 4191 *J
811 4123 998 4175 Gratis
1030 4142 1125 4192 pro
1148 4121 1371 4191 frustm
1405 4123 1587 4194 (aliter
1620 4129 1762 4178 enim
1791 4128 2076 4194 ,intelligere
2105 4125 2335 4195 nequeo)
2372 4126 2646 4177 barba-nm
2674 4132 2764 4173 est.

787 4191 866 4259 ”)
898 4193 1193 4245 Dicendum
1230 4194 1372 4247 sino.
1447 4198 1529 4252 Cf.
1573 4199 1809 4250 vorstius
1857 4196 1921 4248 de
1956 4199 2069 4253 Lat,
2109 4200 2293 4250 merito
2334 4207 2565 4266 appan
2601 4212 2651 4246 ο,
2683 4210 2768 4264 9,ὶ,
