2809 4900
478 370 1027 442 PRAEFAT.
1078 368 1902 443 DEDICATORIA.
2052 395 2252 448 xxva

117 535 412 606 Vin-avii
460 537 646 610 locus
690 538 808 609 lib.
852 544 971 610 lx.
1031 542 1110 610 dc
1166 541 1417 611 Archit.
1480 566 1619 636 cap.
1662 550 1725 612 3.
1823 503 1984 608 aab»
2030 549 2254 627 plus-es

101 638 254 703 post
298 640 594 686 nostram
632 633 1011 688 memoriam·
1049 642 1379 689 nascentes
1422 651 1567 689 cum
1606 632 1904 693 Lucretio
1947 633 2253 694 videbun-

110 724 220 768 tur
258 713 447 772 velut
489 714 565 772 de
606 735 812 773 rerum
856 728 1096 795 natur-ct
1136 715 1494 796 disputare,
1553 716 1630 775 de
1684 730 1822 776 arte
1878 728 2034 776 φανά
2076 721 2252 779 Rho-

106 800 317 855 torica
362 820 512 857 cum
564 799 854 859 &corone
868 823 895 874 ,·
934 802 1121 859 multi
1147 814 1543 880 posterorum
1580 822 1725 861 oum
1770 803 1842 864 V
1829 796 2056 862 (31·τυῖιο
2096 826 2252 865 con·-

91 882 323 961 ferene
369 906 712 945 sermonem
752 885 831 945 de
873 886 1097 967 lingua
1114 887 1398 952 Latina.

274 966 547 1035 Deinde
596 966 987 1039 Hermonem
999 1017 1016 1049 ,
1073 967 1179 1036 vel
1221 975 1596 1045 Hermetem,
1733 967 1822 1037 od
1864 987 2250 1067 praecepto-

102 1075 243 1131 rem
290 1050 594 1146 adpellet
631 1052 743 1122 hic
783 1071 1029 1136 auctor,
1076 1078 1209 1158 quo
1250 1053 1514 1125 nomine
1563 1077 1654 1119 nu
1686 1051 1788 1120 lus
1833 1079 1912 1124 eo
1955 1072 2260 1151 tempore

100 1136 367 1204 Rhetor
424 1137 623 1207 fuerit
678 1138 975 1222 coquitus
994 1189 1013 1222 ,
1066 1137 1268 1207 iidem
1324 1137 1645 1226 Angelius
1702 1154 1767 1206 et
1823 1137 2250 1211 Becicbemus

104 1219 277 1287 nihil
348 1220 503 1291 inde
573 1215 845 1316 probari
922 1248 1114 1318 posse
1170 1224 1558 1306 adfirmant,
1617 1248 1766 1291 cum
1820 1221 2246 1313 Plutarchus,

104 1322 570 1414 praeceptores
612 1307 956 1378 Ciceronis
1050 1307 1389 1404 raecipuos
1451 1332 1872 1390 memoranS,
1932 1310 2132 1379 addat
2183 1327 2249 1375 et

112 1394 293 1464 ⁰5⁰⁸,
339 1407 523 1460 inter
566 1417 736 1486 quos
784 1392 893 1462 hic
933 1419 972 1462 a
1021 1392 1412 1464 olescentiae
1455 1392 1596 1461 eius
1640 1411 2029 1489 praeceptor
2067 1402 2246 1459 Her-

108 1500 233 1538 mee
276 1477 519 1545 referri
612 1493 818 1559 otest;
865 1478 1052 1548 cuius
1086 1495 1318 1548 ‘tamen
1377 1502 1625 1548 nomen
1684 1477 1867 1547 abest
1925 1504 1965 1548 a
2015 1481 2250 1584 pluri-

103 1561 231 1629 mis
297 1562 491 1631 codd.
639 1567 757 1632 SS.
814 1580 892 1632 ut
948 1565 1026 1633 de
1082 1562 1445 1648 Palatinis,
1519 1561 1873 1655 Mediceis,
1954 1564 2244 1661 ahisque

98 1645 361 1715 Italicis
442 1647 814 1737 Angelius,
901 1651 1227 1719 Gruterus
1301 1665 1365 1718 et
1440 1647 1819 1718 Gronovius
1890 1666 2243 1733 testantur-3

144 1732 288 1801 nod
342 1757 471 1802 nec
526 1732 599 1799 in
660 1733 870 1804 tribus
932 1733 1067 1801 suis
1130 1730 1540 1828 Gryphianis
1604 1732 1933 1804 codicibus
1998 1739 2246 1832 reperit

96 1757 241 1884 lloh.
289 1816 502 1886 Mich.
546 1822 828 1900 BrutuS,
884 1844 1092 1913 neque
1137 1818 1211 1887 in
1268 1844 1377 1887 sex
1428 1817 1857 1888 Leidensibus
1916 1820 2025 1890 Cl.
2088 1827 2244 1892 Ou-

102 1902 543 1995 dendorpius‘.
628 1907 900 1972 Frustra
942 1902 1119 1973 enim
1162 1927 1203 1972 a
1259 1902 1585 1972 Lambino
1638 1909 2072 1990 Hermagorae
2133 1934 2244 1978 re-

102 1987 421 2081 ponitur,
467 1987 657 2057 cuius
699 2004 855 2082 post
907 1988 1228 2079 Gorgiam
1271 1987 1669 2059 Leontinum
1713 2004 1776 2058 et
1817 1990 2244 2063 Aristotelem

110 2070 419 2142 meminit
474 2073 712 2143 Cicero
782 2072 897 2143 lib.
959 2079 1043 2141 11.
1117 2074 1198 2142 de
1267 2078 1520 2142 Invent.
1555 2098 1716 2166 cap.
1775 2079 1836 2145 6.
1896 2092 1961 2145 et
2022 2106 2118 2145 11.
2178 2092 2243 2148 et

110 2156 304 2226 variis
348 2157 425 2227 in
474 2157 642 2228 locis
687 2157 1198 2247 Quinctilianus.
1267 2157 1469 2228 Illum
1514 2158 1693 2227 enim
1739 2163 2241 2252 Hmagoram,

104 2240 256 2312 licet
292 2267 503 2339 saepe
544 2244 628 2312 ab
676 2270 754 2314 eo
803 2242 1182 2327 dissentiat,
1246 2259 1310 2313 et
1347 2242 1751 2339 antiquiores
1801 2249 2088 2316 Graecos
2125 2274 2240 2316 se-

103 2344 322 2396 cutum
402 2354 548 2398 esse
620 2328 970 2397 adfirmant
1041 2329 1110 2396 in
1184 2353 1379 2422 opere
1442 2331 1520 2397 de
1577 2330 2001 2414 Inventione,
2060 2334 2241 2427 quod

101 2412 294 2481 etiam
346 2440 428 2484 ex
458 2413 796 2484 Victorini
843 2412 1247 2519 expositione
1275 2412 1522 2509 passim
1550 2412 1780 2508 liquet,
1821 2417 2142 2487 ostendit-
2208 2444 2324 2495 xxt
2403 2432 2466 2472 ⁰

102 2523 226 2592 que
268 2504 392 2568 Fr.
433 2499 868 2570 Robortellus
914 2526 987 2568 m
1043 2515 1317 2569 tractatu
1361 2501 1443 2568 de
1484 2499 1818 2570 Facultate
1861 2502 2237 2591 Rhetorica,

102 2609 216 2651 seu
264 2584 706 2654 praefatione
758 2585 846 2653 ad
906 2584 1244 2655 Ciceronis
1304 2584 1692 2654 Rhetoricos
1753 2583 1997 2672 libros,
2069 2615 2237 2683 quos

98 2667 379 2760 vulgus,
458 2686 534 2738 ut
591 2670 722 2754 ait,
796 2671 874 2741 de
934 2670 1317 2739 Inventione
1369 2668 1569 2738 inseri
1621 2687 1720 2740 tos
1780 2690 1998 2780 putat:
2062 2674 2239 2747 hunc

106 2778 251 2823 vero
299 2760 687 2823 Hermetem
730 2773 794 2825 et
832 2755 1225 2826 recentiores
1271 2753 1457 2849 sequi
1495 2697 1730 2825 volunt
1775 2783 1848 2825 m
1912 2758 2250 2830 Rhetori:

109 2838 193 2906 cis
233 2842 323 2910 ad
372 2839 828 2924 Herennium,
875 2841 945 2909 in
1006 2866 1289 2936 quorum
1347 2840 1689 2950 prooemio
1754 2841 1867 2911 lib.
1915 2847 1965 2911 1.
2011 2861 2075 2913 et
2115 2851 2237 2915 lv,

110 2922 349 2993 indicat
390 2950 463 2993 se
507 2924 856 3019 reliquisse
898 2924 1056 3008 illa,
1104 2949 1273 3020 quae
1320 2927 1558 2994 Graeci
1604 2925 1952 3021 scriptores
2015 2925 2237 2999 inanis
2341 2967 2348 2970 ·

106 3010 522 3101 arrogantiae
597 3035 824 3080 caussa
912 3010 1039 3079 sibi
1130 3010 1622 3094 adsumserunt,
1714 3037 1909 3108 seque
1982 3031 2240 3108 praeter

110 3096 519 3165 Graecorum
593 3095 1127 3165 consuetudinem
1201 3095 1401 3163 aliam
1473 3096 1650 3165 viam
1708 3095 1777 3164 in
1858 3122 2113 3180 essum,
2175 3116 2240 3169 et
2346 3134 2350 3137 >

104 3180 230 3248 suis
281 3179 604 3285 exemplis
652 3207 839 3272 usum
886 3180 1119 3257 fuisse;
1183 3197 1248 3249 et
1298 3179 1450 3248 hinc
1503 3181 1578 3249 in
1641 3182 1763 3251 cod
1814 3236 1830 3252 .
1891 3186 2090 3252 MSS.
2163 3183 2237 3253 hi

104 3261 253 3333 libri
295 3265 778 3334 inscrubuntur:
822 3274 918 3330 M.
979 3270 1178 3329 Tullii
1227 3270 1539 3328 Ciceronis
1600 3292 1799 3330 novae
1859 3272 2236 3333 Rhetoricae

104 3354 297 3413 Liber
338 3357 392 3413 Ι.
454 3358 589 3414 inei
626 3358 699 3416 it.
805 3352 1008 3440 Quod
1064 3369 1280 3420 autem
1338 3354 1715 3418 barbarismi
1771 3367 1836 3420 et
1892 3359 2239 3419 soloecismi

106 3458 257 3504 voce
300 3453 529 3505 utatur
572 3379 678 3506 ffic
706 3454 935 3508 auctor
982 3435 1096 3505 lib.
1129 3441 1247 3505 lV.
1290 3461 1429 3529 cap.
1482 3467 1579 3506 12.
1626 3438 1796 3507 inter
1821 3457 2231 3528 argumenta,

109 3520 341 3611 quibus
399 3522 782 3591 Ciceronem
844 3521 1060 3618 operis
1132 3522 1323 3590 huius
1373 3521 1757 3618 scriptorem
1816 3549 1954 3592 esse
2017 3543 2231 3617 negat,

110 3604 331 3673 retulit
372 3607 655 3695 Regius;
702 3605 860 3701 quia
910 3602 1171 3676 Gellius
1215 3606 1339 3675 hac
1377 3631 1534 3676 voce
1596 3609 1920 3680 neminem
1979 3636 2230 3696 eorum,

114 3687 223 3781 qui
283 3690 569 3791 integre·
594 3689 665 3761 lo
759 3708 1059 3774 crentur,
1131 3707 1281 3760 ante
1340 3697 1401 3760 A
1542 3692 1624 3761 sti
1687 3709 1982 3792 tempora
2036 3721 2231 3768 usum

113 3797 244 3843 esse
286 3777 480 3845 tradit
524 3775 639 3845 hb.
788 3782 872 3844 ΙΙ.
933 3800 1004 3845 ca
1055 3829 1071 3845 .
1120 3781 1181 3845 6.
1229 3791 1299 3845 et
1348 3802 1440 3845 nu
1504 3805 1615 3849 um
1675 3781 2059 3848 Latmorum
2118 3797 2233 3851 aut

121 3861 550 3945 Graecorum,
622 3861 741 3957 qui
794 3860 989 3930 facun
1035 3860 1060 3929 i
1115 3860 1548 3946 haberentur,
1607 3866 2065 3927 barbarismum
2118 3883 2235 3940 aut

120 3949 527 4011 soloecismum
542 3995 563 4023 ,
605 3948 727 4016 sed
766 3949 1104 4009 barbarum
1141 3962 1206 4015 et
1246 3951 1553 4010 soloecum
1592 3948 1825 4018 dixisse
1930 3949 2235 4024 adfirmat

122 4027 226 4099 lib.
271 4037 352 4100 V.
406 4059 549 4128 cap.
596 4061 700 4100 πο.
771 4031 905 4101 Sed
958 4028 1442 4101 hallucinatum
1501 4058 1639 4102 esse
1707 4000 2005 4104 Gellium
2062 4051 2232 4111 recte

125 4118 350 4187 oemuit
383 4115 849 4199 Becichemus,
908 4143 1055 4186 cum
1113 4115 1295 4212 apud
1345 4116 1744 4211 Dionysium
1801 4118 2231 4190 Halicarnas-

126 4224 351 4276 sensem
391 4203 702 4297 aliosque
742 4201 1138 4298 antiquiores
1165 4217 1439 4298 utraque
1475 4230 1598 4274 vox
1623 4220 1946 4288 occurrat;
1991 4229 2228 4298 quem-

2435 2144 2446 2195 ἱ
