2809 4900
577 364 718 419 xxx
864 339 1218 415 PETRI
1262 340 1854 415 BURMANNI
1909 341 2394 417 SECUNDI

576 518 684 590 bis
726 517 866 590 loca
910 534 1093 601 sunt,
1153 541 1321 614 quae
1372 516 1605 587 iisdem
1662 514 1798 587 fere
1852 515 2067 586 verbis
2125 531 2352 589 auctor
2403 515 2708 588 imitatus

576 622 679 676 est
712 604 814 674 vel
858 605 1195 700 descripsit
1235 631 1310 672 ex
1354 602 1538 673 libris
1584 604 1663 672 de
1711 603 2087 701 Inventione
2115 603 2216 689 ¹⁸⁸).
2301 602 2556 672 Deinde
2608 604 2707 672 li-

577 690 770 760 brum
816 690 895 759 de
935 689 1401 760 Partitionibus
1460 687 1764 758 oratoriis
1821 705 2015 757 etiam
2084 687 2382 756 Ciceroni
2442 689 2702 773 adimit,

472 854 477 857 μ
576 775 732 870 quia
779 776 834 845 si
875 775 1008 844 iam
1053 777 1138 845 ad
1185 773 1588 842 Herennium
1632 771 2021 866 scripsisset,
2069 772 2305 841 frustra
2342 774 2704 843 secundum

572 860 863 930 laborem
926 860 1345 955 suscepisset,
1406 884 1610 952 quum
1667 858 1930 947 roganti
1993 857 2322 929 Herennio
2386 858 2704 930 familiari

572 961 639 1015 et
689 962 969 1027 cognato
1028 972 1183 1027 suo,
1243 959 1316 1013 ut
1384 942 1695 1032 colligunt
1748 969 1825 1011 ex
1890 942 2003 1011 lib.
2040 948 2156 1012 IV.
2216 968 2354 1037 cap.
2385 950 2530 1025 56.,
2585 971 2700 1015 re-

572 1056 606 1100 s
657 1032 895 1103 ondere
958 1030 1309 1133 potuisset,
1375 1053 1445 1097 se
1484 1028 1616 1096 iam
1680 1025 1741 1095 ei
1785 1026 2171 1096 satisfecisse
2250 1028 2321 1095 in
2367 1028 2702 1122 prioribus

572 1057 799 1199 lizris,
863 1133 935 1185 ut
975 1142 1044 1183 m
1087 1113 1368 1203 dialogis
1413 1114 1492 1181 de
1537 1117 1818 1181 Oratore
1880 1128 1944 1181 et
1992 1111 2352 1192 similibus;
2416 1141 2493 1183 ex
2531 1140 2700 1219 pro-

572 1202 794 1275 oemio
838 1201 1009 1270 enim
1071 1200 1418 1293 adparere,
1496 1224 1644 1267 eum
1701 1196 1770 1264 in
1817 1197 2129 1265 Herennii
2190 1199 2471 1286 gratiam
2531 1218 2700 1272 lstos

572 1288 780 1363 libros
824 1284 1182 1379 scripsisse,
1225 1286 1394 1354 unde
1437 1282 1650 1353 fraudi
1697 1281 2094 1353 occasionem
2140 1283 2307 1377 cepit
2349 1284 2696 1380 impostor.

574 1372 708 1442 Sed
747 1371 870 1441 hoe
977 1370 1197 1439 uidem
1253 1385 1705 1458 argumentum
1770 1385 2257 1460 praeposterum
2314 1387 2441 1453 est,
2516 1374 2573 1443 si
2619 1371 2694 1442 in

572 1457 903 1527 iuventute
993 1482 1068 1525 oc
1130 1452 1511 1549 opusculum
1576 1452 1702 1546 ipsi
1760 1452 2103 1537 exciderit,
2176 1454 2471 1549 adeoque
2536 1474 2692 1535 ante

572 1542 776 1611 libros
822 1540 899 1611 de
934 1546 1233 1611 Oratore
1275 1538 1619 1632 scripserit.
1705 1537 2098 1609 Pal-titiones
2159 1565 2313 1608 vero
2371 1541 2700 1613 oratorias

573 1626 823 1698 levibus
882 1625 1075 1695 nimis
1134 1623 1513 1695 coniecturis
1568 1623 1914 1693 adductum
1974 1623 2437 1695 Decembrium
2497 1629 2700 1698 Cice-

572 1711 721 1782 roni
769 1710 1212 1793 abiudicasse,
1292 1709 1525 1779 merito
1569 1724 1757 1778 notat
1789 1708 2060 1778 Vossius
2127 1708 2207 1777 de
2275 1716 2427 1780 Nat.
2487 1715 2695 1784 Rhet.

572 1824 645 1868 ca
697 1851 713 1866 .
763 1803 898 1879 13„
944 1822 1165 1866 earum
1204 1794 1376 1864 enim
1426 1792 1714 1862 'l'ullium
1757 1811 2086 1863 auctorem
2126 1796 2418 1879 agnoscit
2464 1799 2696 1885 Quin-

571 1884 651 1953 cti
682 1882 809 1950 ian.
897 1882 1010 1952 lib.
1055 1881 1169 1949 III.
1221 1904 1361 1972 cap.
1402 1882 1478 1948 3.'
1557 1885 1786 1977 Neque
1822 1877 2012 1976 etiam
2043 1879 2123 1949 ad
2172 1903 2353 1949 arere
2395 1907 2698 1957 caussam

570 1969 872 2037 adfirmat
914 1963 1376 2045 DecembriuS,
1438 1990 1553 2032 cur
1596 1989 1664 2031 m
1707 1962 1887 2031 libris
1944 1964 2029 2032 ad
2140 1964 2472 2037 erennium
2532 1970 2694 2038 nul-

568 2052 701 2123 lam
746 2054 823 2121 de
864 2051 1155 2122 instituto
1195 2076 1314 2118 suo
1356 2050 1676 2118 rationem
1721 2047 2104 2127 reddiderit,
2150 2065 2222 2119 ut
2261 2050 2426 2120 solet
2454 2053 2519 2120 in
2557 2054 2692 2123 ali-

569 2138 665 2208 is:
708 2138 887 2231 quod
928 2154 1144 2205 tamen
1187 2132 1400 2205 nescio
1448 2160 1562 2203 cur
1604 2134 1943 2216 adfirmet,
2006 2134 2156 2230 quia
2219 2134 2286 2202 in
2327 2142 2692 2229 prooemiis

571 2241 721 2292 ante
766 2221 1058 2311 sing-ulos
1103 2235 1382 2315 quatuor
1425 2217 1627 2289 libros
1669 2218 1948 2294 instituti
2010 2219 2113 2289 sui
2154 2220 2470 2291 rationem
2525 2225 2691 2297 satis

565 2307 929 2379 reddidisse
987 2306 1261 2375 videtur.
1348 2304 1614 2374 Meliori
1675 2303 1821 2373 deni
1872 2331 1951 2373 ue
2027 2321 2091 2374 et
2151 2305 2441 2375 omnium
2503 2312 2690 2405 opti-

566 2420 679 2465 mo
752 2406 1138 2483 argumento
1194 2415 1333 2459 rem
1406 2388 1541 2480 agit
1605 2394 1844 2489 Decem
1893 2390 2063 2473 riuS,
2137 2388 2377 2460 mirum
2439 2393 2690 2480 videri,

566 2478 982 2548 Victorinum
1023 2476 1092 2544 in
1136 2474 1296 2545 baec
1356 2475 1704 2545 Rhetorica
1747 2475 1833 2543 ad
1879 2475 2315 2560 Herennium,
2389 2478 2444 2546 si
2489 2481 2690 2552 Cice-

561 2563 743 2633 ronis
787 2578 1028 2644 essent,
1088 2585 1221 2631 non
1259 2585 1464 2654 aeque
1508 2577 2011 2630 commentatum
2057 2560 2289 2644 fuisse,
2351 2588 2426 2632 ac
2455 2567 2566 2652 ss)
2614 2568 2694 2638 iu

564 2644 769 2717 libros
815 2648 894 2715 de
938 2645 1351 2727 Inventione,
1412 2645 1525 2740 qui
1566 2645 1881 2715 iactantur
1921 2644 2115 2735 vulgo
2170 2672 2308 2716 esse
2354 2652 2688 2744 posterio-

408 2773 422 2798 =
481 2757 636 2809 niv
694 2758 798 2802 res
832 2747 897 2800 et
926 2730 1365 2825 perfectioreS,
1412 2729 1537 2798 nisi
1581 2728 1784 2813 forte,
1841 2747 1914 2800 ut
1950 2729 2075 2800 boc
2115 2732 2386 2814 addam,
2449 2733 2556 2804 illa
2598 2741 2694 2809 ad

446 2899 455 2908 ἱ
569 2816 991 2897 Herennium,
1035 2833 1364 2909 tamquam
1410 2811 1712 2884 iuvenilia
1752 2832 1815 2883 et
1856 2814 2130 2885 minoris
2179 2817 2406 2910 pretii,
2452 2818 2690 2894 labore

562 2904 691 2973 hoc
734 2927 853 2972 suo
894 2900 1157 2991 indigna
1216 2900 1579 2981 censuerit,
1633 2917 1778 2982 aut,
1860 2903 2042 2994 quod
2090 2901 2308 2995 potius
2366 2902 2528 2974 mihi
2576 2909 2688 2978 vi-

565 2988 785 3071 detur,
846 2986 986 3090 ipse
1013 3011 1086 3054 ea
1124 2983 1458 3056 Ciceronis
1477 3011 1633 3084 ‚non
1675 3009 1813 3056 esse
1840 2985 2232 3056 iudicaverit.
2322 2989 2458 3056 Cur
2499 2994 2690 3066 enim

562 3074 632 3142 in
679 3090 815 3142 toto
873 3070 987 3139 illo
1046 3071 1536 3139 Commentario
1611 3070 1698 3140 ad
1757 3070 2103 3142 Rhetorica
2160 3072 2238 3140 de
2294 3073 2688 3152 Inventione

560 3183 683 3226 nus
733 3182 886 3224 uam
930 3155 1012 3224 ad
1059 3172 1272 3250 partes
1315 3172 1506 3224 vocat
1546 3172 1658 3225 aut
1695 3155 1993 3249 producit
2033 3155 2326 3251 exempla
2375 3185 2452 3227 ex
2492 3160 2686 3235 libris

560 3243 645 3313 ad
755 3239 1131 3311 erennium?
1331 3267 1364 3307 e
1406 3239 1784 3336 saepissime
1834 3238 1966 3310 illic
2010 3240 2224 3311 locum
2275 3240 2514 3316 babere
2547 3274 2686 3342 po-

559 3325 873 3410 tuissent,
952 3323 1008 3394 si
1066 3265 1530 3398 eosvllffullium
1585 3342 1910 3424 auetorem
1977 3324 2218 3397 babere
2280 3329 2688 3408 credidisset.

565 3411 752 3500 Quin
792 3427 856 3480 et
899 3411 1065 3479 duos
1116 3408 1237 3478 bos
1279 3411 1359 3481 de
1405 3412 1780 3486 Inventione
1827 3437 1944 3480 seu
1971 3410 2144 3488 artis¹
2171 3412 2551 3488 Rhetoricae
2586 3418 2681 3487 li...

558 3498 715 3567 bros
757 3493 951 3565 simul
992 3520 1139 3565 cum
1183 3493 1510 3565 Victorini
1551 3495 1955 3576 Commentis
2012 3522 2349 3568 recensens
2391 3501 2679 3574 Cassio-

559 3582 796 3665 dorus,
854 3577 1098 3648 nullam
1144 3595 1361 3648 tamen
1410 3579 1743 3650 Ciceronis
1770 3577 2268 3652 Rhetoricorum
2297 3586 2384 3653 ad
2413 3589 2679 3657 Heren-

557 3666 747 3766 nium·
785 3664 1186 3735 mentionem
1226 3662 1379 3734 facit
1419 3663 1490 3733 in
1515 3659 1902 3765 'Compend
1949 3657 2274 3738 Rhetoric.
2332 3696 2480 3769 pag.
2516 3679 2674 3778 339.

619 3752 796 3820 Edit.
876 3753 1045 3819 Gen.
1116 3750 1306 3818 Cass·
1380 3775 1449 3856 p.
1506 3751 1704 3840 531]
1789 3766 1963 3819 mter
2030 3752 2298 3823 Rhetor.
2375 3755 2672 3830 Pitheci:

628 3862 738 3900 aee
780 3842 927 3900 lieet
979 3839 1187 3900 cicero
1231 3840 1514 3899 Latmae
1556 3840 1942 3923 eloquentiae
1982 3841 2193 3902 lumen
2229 3847 2518 3924 exinzium
2547 3870 2676 3927 per

598 3980 667 4044 Α)
712 3976 995 4027 Ostende-re
1031 3988 1243 4026 conatus
1293 3989 1368 4027 est
1406 3976 1738 4041 Selinuntius,
1804 3978 2137 4043 Ciceronem,
2197 3999 2358 4048 quum
2401 3982 2561 4033 libros
2597 3984 2673 4038 de

685 4045 985 4096 Inventione
1018 4046 1292 4109 scriberet,
1357 4046 1522 4097 libros
1556 4046 1946 4098 Rhetoricorum
1996 4048 2063 4100 nd
2097 4051 2407 4100 Herennium
2455 4053 2508 4102 in
2542 4070 2672 4104 mn·-

685 4114 841 4165 nibns
876 4116 1108 4166 babuisse
1145 4126 1199 4166 et
1229 4116 1394 4168 multe
1433 4132 1496 4165 ex
1536 4117 1596 4164 iis
1630 4115 1966 4184 descripsisse.
2034 4119 2119 4176 Cf.
2157 4119 2300 4174 Edit.
2347 4121 2470 4174 sch.
2509 4122 2668 4179 Rhet.

687 4184 848 4254 praef.
880 4183 1078 4260 xvut,
1122 4200 1267 4253 seqq.
1338 4183 1411 4254 “j
1448 4184 1618 4238 Pone:
1654 4189 1842 4255 atque.

2228 4339 2243 4382 i
