2809 4900
72 355 349 429 prm
400 334 895 429 linituram
941 332 1345 481 secnnm
1386 350 1533 428 pn.
1580 352 2029 431 nEch‘r.
2132 372 2209 431 ιι

71 553 206 600 mea
248 526 738 626 qualicumque
778 551 937 599 cura
979 551 1157 597 nunc
1198 524 1271 598 in
1316 525 1530 597 lucem
1561 528 1935 632 prodeunt,
1997 527 2212 599 offer-

72 641 200 683 rem
276 641 361 684 ac
418 616 789 684 dedicarem
866 639 942 709 ⁰³5
998 613 1344 709 honoratis
1408 614 1616 683 Urbis
1669 631 1933 683 nostrae
1991 613 2208 699 Viris,

72 699 170 768 cni
215 698 579 767 literarum
624 698 1106 788 elegantiorum
1158 698 1403 790 peritia
1458 714 1522 767 et
1577 705 1926 771 Musarum
1981 722 2210 768 amore

120 799 336 852 taeter
398 783 753 874 dignitatis
812 781 1049 851 decora
1101 782 1459 878 conspicuo
1514 809 1590 854 ac
1643 782 1942 874 ‚fulgenti
2018 799 2210 872 grata

152 895 223 938 ec
265 868 582 937 venirent
617 883 682 936 et
726 893 811 964 op
864 883 1125 950 ortuna,
1154 872 1259 936 Tu
1292 878 1451 961 prae
1492 868 1745 952 ceteris,
1779 866 2212 963 Amplissime

74 972 133 1025 et
174 951 644 1022 doctrinarum
693 968 800 1022 stu
851 951 935 1021 iis
992 950 1194 1021 simul
1255 950 1620 1023 cultissime
1679 958 2013 1036 Swmznm,
2081 951 2212 1021 eli-

74 1040 327 1132 gendus
371 1036 964 1119 videbaris,.cuius
1007 1038 1346 1132 praeclaro
1388 1038 1650 1109 nomini
1694 1038 1851 1107 haec
1892 1036 2248 1132 inscripta-

77 1147 568 1198 consecrarem:
636 1146 833 1217 quem
878 1122 933 1190 si
978 1121 1152 1192 inter
1196 1122 1376 1191 viros
1419 1122 1620 1193 buius
1665 1123 1870 1192 Urbis
1913 1125 2213 1191 honora-

77 1228 179 1279 tos
223 1206 799 1291 eruditissimum,
858 1208 1035 1276 inter
1056 1204 1375 1276 fferuditos
1418 1234 1572 1278 vcro
1618 1207 2221 1279 honoratissimum·

80 1295 137 1364 si
193 1293 451 1375 dicam,
537 1291 747 1361 nullis
821 1318 924 1360 me
976 1293 1333 1361 verborum
1399 1293 1747 1365 lenociniis
1802 1292 1942 1378 uti,
1999 1316 2215 1386 neque

85 1380 305 1473 inepta
337 1394 461 1447 aut
502 1376 728 1446 minus
765 1376 923 1446 Tibi
951 1402 1242 1478 congrua
1326 1376 1764 1450 medicatione
1798 1378 1935 1447 vim
1965 1376 2215 1473 pudori

90 1480 203 1533 tuo
256 1463 477 1533 facere
513 1466 591 1548 ²⁸¹)
647 1462 749 1531 vel
810 1463 1168 1533 modestiae
1243 1404 1567 1549 illudere,
1665 1463 1849 1533 ultro
1913 1461 2217 1553 agnituri

83 1566 271 1632 sunt,
314 1546 438 1643 qui
496 1553 594 1616 Te
646 1572 722 1647 ap
776 1545 1014 1616 merita
1074 1566 1189 1648 tua
1242 1549 1523 1646 propius
1583 1548 2006 1659 inspexerint.
2106 1553 2217 1615 Tu

81 1634 255 1703 enim
300 1658 345 1702 a
450 1633 623 1702 rima
678 1649 1017 1703 iuventute
1076 1634 1384 1723 ingenuis
1442 1637 1917 1705 humaniorum
1982 1633 2219 1701 litera-

80 1747 227 1789 rum
288 1657 558 1788 artibus
618 1720 823 1814 probe
887 1717 1258 1789 innutritus
1327 1746 1404 1791 ac
1459 1720 1748 1816 politus,
1817 1717 2221 1816 posthabitis

82 1805 289 1875 deviis
339 1820 407 1873 et
460 1803 572 1871 vul
708 1802 888 1872 tritis
928 1804 1401 1890 amfractibus,
1460 1806 1701 1902 quibus
1744 1831 2048 1901 perlcom
2098 1829 2221 1872 en-

84 1891 190 1960 dia
246 1891 338 1959 ad
400 1830 697 1959 sterilgenm
742 1904 807 1958 et
860 1886 1150 1959 ieiunam
1207 1889 1807 1984 Iurisprudentiam
1872 1889 1992 1959 alii
2076 1905 2222 1958 acto

87 1974 355 2067 agmine
424 1975 676 2068 passim
749 1990 996 2058 ruunt,
1070 1974 1321 2066 regiam
1407 1975 1599 2044 illam
1671 1973 1888 2056 viam,
1937 2000 2067 2071 qua
2127 1973 2212 2043 ad
2234 1994 2308 2042 lv

87 2085 313 2130 veram
387 2059 885 2154 masculamque
954 2060 1399 2143 eruditionem
1478 2059 1814 2131 nobiliora
1874 2060 2222 2154 adspirant

92 2144 392 2236 ingenia,
444 2144 779 2236 generosis
823 2171 1081 2241 semper
1134 2147 1438 2249 passibus
1496 2145 1855 2227 incessisti;
1914 2147 2089 2213 unde
2143 2170 2223 2213 ex
2335 2154 2340 2159 “

90 2228 524 2299 historiarum
566 2246 861 2299 veterum
918 2232 1331 2320 cognitione,
1389 2230 1820 2327 Reipublicae
1877 2235 2223 2299 Romanae

90 2314 286 2392 fatis,
332 2314 843 2416 domesticisque
896 2316 1110 2407 gentis
1164 2316 1422 2413 patriae
1478 2316 1897 2399 Annalibus,
1958 2330 2024 2385 et
2081 2328 2268 2384 tam'

90 2400 343 2497 publici
387 2425 592 2496 quam
683 2400 877 2470 nvati
929 2400 1104 2472 luris
1159 2403 1422 2501 peritia,
1468 2428 1631 2499 quas
1674 2401 1981 2473 scientias
2011 2398 2225 2472 doctis

91 2504 154 2556 et
189 2513 420 2557 rerum
466 2486 598 2556 soli
645 2511 837 2557 arum
880 2485 1139 2584 cupidis
1199 2487 1845 2584 peregrinationibus
1904 2486 2228 2557 corrobo-

88 2572 290 2653 rasti,
351 2572 563 2640 illum
605 2590 986 2644 consecutus
1030 2600 1098 2644 es
1142 2574 1355 2648 civilis
1445 2575 1788 2645 rudentiae
1828 2574 2227 2679 adparatum

95 2673 159 2726 et
194 2684 431 2742 usum,
475 2682 673 2762 quem
718 2657 787 2729 in
837 2659 973 2729 enti
1018 2660 1241 2740 Urbis
1270 2687 1392 2730 nos
1426 2685 1538 2729 rae
1583 2676 1649 2730 et
1709 2683 1955 2730 summi
2002 2656 2228 2727 tribu-

99 2742 268 2812 nalis
310 2743 588 2813 iuridici
634 2769 779 2812 emo
812 2762 1081 2816 umento
1131 2745 1203 2815 in
1261 2746 1531 2841 publica
1570 2745 1914 2814 commoda
1959 2743 2227 2826 exseriS,

103 2843 168 2895 et
204 2854 332 2922 quo
382 2828 746 2917 dignitates
787 2829 860 2898 in
904 2836 1000 2899 Te
1042 2847 1277 2928 sponte
1319 2830 1597 2901 collatas
1641 2855 1778 2900 non
1812 2845 2077 2900 externo
2108 2841 2229 2896 aut

108 2912 461 2983 adventitio
510 2929 769 2983 tantum
810 2914 1138 2986 natalium
1180 2931 1245 2986 et
1280 2913 1623 2985 Fortunae
1666 2913 2054 3012 splendore,
2090 2936 2228 3012 quo

106 2996 256 3096 soto·
283 2998 596 3095 plerique
638 2998 857 3094 capita
900 2999 1209 3086 efferunt,
1282 3002 1395 3070 sed
1439 3017 1504 3070 et
1546 3000 1821 3100 propria
1862 3011 1929 3070 e't
1974 3015 2230 3098 optima

104 3102 494 3154 mentorum
554 3088 853 3154 'suorum
910 3085 1056 3155 luce
1113 3086 1210 3157 sic
1266 3085 1608 3170 illustras,
1685 3101 1762 3154 ut
1827 3085 2007 3156 inter
2065 3081 2228 3151 illos

102 3168 447 3265 praecipue
495 3169 818 3242 censearis
861 3170 1153 3255 Iudices,
1267 3197 1508 3240 uorum
1567 3170 1895 3262 suffragia
1954 3169 2091 3239 non
2152 3192 2231 3236 ex

102 3253 389 3323 aliorum
429 3253 689 3324 calculo
732 3272 848 3326 aut
890 3257 1223 3327 adminicu
1258 3282 1295 3326 o
1340 3257 1787 3351 dependeant,
1852 3257 1965 3326 sed
2010 3253 2233 3322 bono-

102 3363 201 3406 res
245 3339 446 3422 illos,
506 3364 672 3434 quos
715 3339 1027 3411 hactenus
1049 3345 1170 3434 st)
1261 3341 1514 3426 essisti,
1557 3341 1706 3436 pari
1753 3339 2054 3411 omnium
2106 3338 2234 3407 ad·-

104 3422 339 3526 plausu
382 3422 479 3494 ita
533 3422 967 3512 sustinueris,
1029 3445 1106 3497 ut
1162 3369 1443 3525 pfurimi
1501 3433 1596 3498 Te
1654 3428 1852 3518 longe
1908 3420 2232 3529 ampliori
2344 3496 2350 3504 ,

104 3534 173 3576 m
214 3507 721 3610 loeo-collocari
761 3510 1037 3601 dignum
1080 3537 1217 3582 uno
1263 3538 1377 3582 ore
1419 3512 1868 3598 consentiant,
1917 3509 2050 3579 nisi
2091 3508 2111 3578 i
2162 3533 2234 3577 se

112 3595 502 3664 valetudinis
565 3619 641 3667 ac
686 3597 992 3666 sanitatis
1049 3599 1330 3668 tuendae
1373 3600 1699 3668 maiorem
1791 3622 1946 3666 uam
1992 3595 2103 3666 lau
2151 3619 2233 3663 a·-

110 3678 256 3749 bilis
296 3680 688 3750 ambitionis
734 3682 1161 3777 proferendae
1200 3708 1426 3752 curam
1470 3684 1627 3754 Tibi
1669 3683 1753 3753 ha
1803 3686 2038 3752 endam
2075 3707 2233 3779 ceq-

116 3788 294 3834 seres.
379 3769 556 3836 Haec
615 3791 774 3835 vero
832 3768 1392 3861 quemadmodum
1448 3768 1607 3838 Tibi
1665 3766 1968 3838 omnium
2027 3783 2235 3835 aesu-

116 3849 457 3922 mationem
499 3867 566 3920 et
605 3852 1100 3922 venerationem
1140 3851 1288 3923 iure
1327 3853 1720 3940 conciliant,
1790 3854 1885 3924 ita
1930 3876 2236 3922 commu-

121 3958 259 4005 nem
328 3941 691 4008 Procerum
746 3935 1119 4034 civiumque
1180 3963 1476 4010 amorem
1543 3939 1729 4012 ultro
1785 3937 1944 4009 Tibi
2013 3935 2236 4006 allicis
