2809 4900
438 320 987 407 PRAEFAT.
1036 272 1914 419 DEDICATQMAL'
2069 348 2222 408 mx

98 514 225 601 rum
266 503 974 576 animadversionibus
1019 509 1450 586 instructam,
1504 503 1839 575 inchoavit
1899 494 2214 576 celeber.

94 615 281 657 rimus
312 592 383 672 0)
457 590 597 659 loh.
647 595 889 744 Georfg.
937 591 1299 675 Graevius,
1373 593 1459 660 ad
1504 593 1702 659 finem
1743 617 1780 661 a
1821 592 1968 662 viro
2059 616 2220 663 rae-³

90 674 253 742 claro
309 701 459 743 non
523 675 728 745 fuisse
787 678 1233 758 eaboratam,
1314 675 1558 746 merito
1627 676 1950 746 dolemus,
2102 705 2212 747 am

88 763 137 827 E
184 759 423 828 istolas
466 777 729 829 tantum
777 763 861 830 ad
905 761 1298 831 Familiares
1342 779 1408 832 et
1455 761 1795 843 Atticum,
1880 763 2085 832 libros
2130 766 2210 833 de

88 849 145 912 Ο
217 845 381 929 ciis,
472 848 800 914 Catonem
875 846 1242 930 Maiorem,
1337 847 1673 919 Laelium,
1749 852 2087 929 Paradoxa
2143 864 2210 917 et

82 929 434 998 Somnium
480 929 855 1023 Scipionis,
914 947 1053 1000 tum
1102 931 1507 1001 orationum
1552 930 1922 1001 Volumina
1984 933 2210 1000 absol-

80 1015 237 1083 visse
276 1042 439 1084 eum
485 1040 626 1085 non
673 1016 915 1095 nescis;
977 1017 1279 1086 obstante
1317 1018 1493 1099 sato,
1537 1043 1619 1085 ne
1656 1033 1718 1086 et
1760 1016 2030 1112 reliquis
2063 1018 2214 1113 pri-

81 1125 243 1168 mam
323 1101 717 1170 admoveret
783 1126 1091 1183 manum,
1164 1118 1281 1200 aut
1355 1128 1730 1198 supremam
1808 1101 2210 1197 imponeret:

79 1211 358 1279 quorum
408 1202 636 1256 tamen
684 1185 1013 1256 nonnulla
1059 1202 1235 1256 notis
1279 1186 1418 1255 suis
1458 1189 1775 1257 adornata
1820 1203 1885 1255 et
1929 1187 2208 1255 editioni

162 1288 297 1340 rata
350 1271 747 1365 reliquisse,
817 1288 883 1340 et
940 1271 1073 1340 iam
1135 1272 1550 1374 tpograpbo
1614 1296 1735 1341 suo
1797 1272 2208 1341 commisisse

148 1357 440 1424 raevium
490 1356 831 1451 suspicor,
867 1362 879 1379 ¹
912 1382 1080 1451 quae
1128 1383 1162 1425 a
1199 1357 1543 1451 iquamdiu
1599 1357 1748 1427 illic
1799 1356 2204 1441 delituerint,

83 1458 143 1509 et
182 1459 328 1536 post
375 1440 736 1534 utriusque
781 1443 1037 1512 obitum
1082 1441 1257 1524 alie,
1325 1441 1394 1510 ni
1441 1441 1682 1525 fallor,
1731 1443 2203 1512 aberraverint.

84 1525 259 1594 illam
294 1542 478 1597 certe
526 1543 771 1595 sortem
812 1526 1092 1595 subiisse
1133 1527 1414 1595 ineditas
1449 1526 1758 1596 hactenus
1792 1530 1913 1614 **)
1965 1526 2082 1596 bas
2131 1527 2204 1597 iu

80 1609 276 1681 libros
322 1616 451 1681 lv,
539 1610 1051 1682 Rhetoricorum
1092 1614 1173 1681 ad
1219 1613 1666 1694 Herennium,
1729 1628 1794 1680 et
1835 1612 1905 1680 in
1946 1629 2204 1709 partem

78 1696 429 1766 Librorum
479 1697 564 1765 de
610 1696 1034 1779 Inventione,
1094 1696 1261 1764 mihi
1305 1696 1525 1789 patuit
1563 1724 1636 1765 ex
1679 1697 1932 1767 schedis
1975 1723 2206 1767 earum

78 1781 550 1876 autographis,
612 1806 777 1877 quas
823 1781 1079 1851 duobus
1124 1780 1457 1850 fasciculis
1504 1780 2001 1876 comprehensas
2049 1798 2205 1851 ante

78 1891 308 1960 paucos
357 1852 611 1936 abiline
653 1891 866 1937 annos
912 1892 1117 1960 quum
1157 1866 1421 1935 venales
1469 1883 1692 1934 nostra
1753 1867 1823 1935 in
1884 1869 2046 1936 urbe
2089 1894 2205 1936 ex·-

162 1954 230 2022 ni
272 1953 580 2021 viderem
625 1953 708 2022 ab
752 1953 1029 2022 obscuro
1073 1954 1361 2047 quodam
1406 1949 1642 2019 vilium
1680 1951 2060 2033 libellorum
2097 1969 2204 2020 ta-

268 2039 380 2107 rio
424 2036 609 2106 inter
651 2037 871 2107 nescio
914 2060 1075 2130 quas
1108 2036 1337 2105 futiles
1417 2035 1791 2131 uisquilias,
1837 2036 2009 2105 nihil
2052 2062 2203 2104 cum

82 2121 329 2194 literana
376 2122 713 2191 eiusmodi
752 2148 960 2191 merce
1003 2130 1349 2190 commune
1436 2122 1737 2207 abeuntes,
1785 2121 2026 2216 quibus
2058 2120 2201 2189 loco

80 2235 201 2278 non
233 2235 362 2278 suo
390 2208 513 2276 sed
554 2207 744 2276 valde
786 2207 1004 2276 alieno
1049 2206 1386 2275 immixtae
1419 2207 1851 2296 vagabantur,
1899 2231 2008 2275 cas
2053 2204 2198 2274 iure

78 2294 380 2363 emtionis
481 2291 849 2386 adquisitas
926 2292 1009 2360 ab
1085 2291 1361 2360 interitu
1438 2291 1938 2361 vindicaveram.
2027 2312 2284 2359 xxxvm

77 2383 193 2448 Sed
272 2406 361 2448 ne
421 2378 611 2446 solus
672 2376 940 2446 invento
1002 2374 1129 2445 lioc
1186 2376 1494 2445 thesauro
1553 2377 1842 2458 fruerer,
1921 2375 2070 2445 illas
2127 2375 2200 2444 in

76 2465 337 2558 publica
381 2463 486 2533 rei
541 2463 875 2532 literariae
948 2464 1291 2561 commoda
1346 2461 1523 2558 typis
1586 2462 2076 2545 describendas,
2137 2476 2203 2530 et

76 2550 519 2621 Graevianam
566 2548 909 2618 Ciceronis
951 2548 1305 2616 editionem
1330 2599 1348 2631 ,
1399 2549 1664 2616 insertis
1699 2547 1986 2616 aliorum
2021 2547 2200 2615 notis

78 2636 264 2704 illum
312 2636 388 2703 in
432 2635 752 2718 modum,
813 2661 946 2729 quo
995 2633 1319 2710 Graevius
1382 2632 1519 2728 ipse
1563 2632 1789 2726 priora
1833 2648 2198 2722 curaverat,

79 2739 139 2790 et
176 2722 340 2790 haec
416 2745 686 2815 quoque
761 2719 833 2788 in
888 2715 1140 2788 schedis
1212 2717 1350 2786 suis
1416 2718 1774 2818 digerenda
1834 2733 2198 2799 notaverat,

80 2805 195 2878 hoc
258 2804 606 2874 volumine
675 2806 1039 2895 augendam
1116 2829 1253 2872 esse
1325 2803 1727 2887 existimavi,
1810 2803 2200 2898 praesertim

83 2919 219 2961 cum
270 2890 635 2960 Rhetorica
679 2892 761 2957 ad
804 2888 1246 2970 Herennium,
1318 2904 1385 2957 et
1426 2891 1504 2957 de
1555 2887 1977 2970 Inventione,
2060 2913 2198 2955 non
2293 2893 2296 2896 ’

79 2978 246 3047 edita
275 2975 531 3045 fuerint
558 2999 597 3044 a
626 2974 791 3044 viris
836 2974 1007 3043 inter
1038 2973 1293 3062 Anglos
1324 2973 1814 3055 eruditissimis,
1860 2970 2195 3052 Daviesio,

79 3063 387 3143 Pearcio,
462 3060 588 3128 Th.
646 3058 988 3140 Bentleio,
1070 3059 1324 3168 Toolgo
1401 3075 1466 3128 et
1542 3057 2011 3139 CockmannO,
2080 3057 2198 3152 qui

81 3146 488 3218 Graevianae
562 3144 840 3213 editioni
903 3143 1020 3213 reli
1074 3169 1158 3213 ua
1223 3145 1561 3214 Liceronis
1620 3168 1822 3237 opera
1898 3158 1961 3210 et
2005 3167 2197 3211 curas

79 3235 506 3303 succedaneas
538 3234 735 3330 ***)'
769 3231 991 3299 eadem
1027 3171 1266 3300 tlerina
1341 3229 1768 3306 addiderunt,
1850 3244 2035 3297 ratus
2092 3253 2198 3297 me

80 3320 355 3408 gratiam
396 3342 537 3385 non
581 3340 885 3406 exiguam
929 3317 1012 3385 ab
1058 3314 1540 3405 elegantior-um
1584 3312 1923 3382 literarum
1975 3313 2200 3382 culto-⁴

78 3405 258 3473 ribus
301 3404 430 3473 hoc
470 3426 747 3470 munere
790 3400 1152 3483 initurum,
1209 3399 1407 3469 simul
1462 3425 1541 3468 ue
1586 3423 1850 3491 operam
1898 3426 2033 3468 non
2082 3397 2195 3465 in-

60 3488 358 3571 ⁴utilem,
424 3513 635 3582 neque
679 3511 721 3555 a
764 3485 1050 3555 statione
1108 3509 1253 3554 mea
1306 3425 1571 3581 puffiica
1636 3483 1923 3552 alienam
1988 3507 2196 3552 nava-

86 3589 300 3642 turum
342 3573 565 3643 studio
614 3570 1064 3665 eloquentiae,
1116 3570 1302 3640 cuius
1343 3568 1609 3660 egregia
1633 3586 1978 3665 praecepta
2010 3585 2196 3637 uter-

90 3685 211 3751 que
249 3659 354 3729 hic
392 3655 649 3727 libellus
691 3655 1174 3749 complectitur.
1722 3676 1726 3684 ’

156 3790 205 3849 ⁸)
246 3785 476 3837 Celebris
520 3782 661 3851 apud
706 3783 930 3832 melioris
971 3783 1081 3831 aevi
1119 3781 1389 3847 scriptores
1425 3783 1510 3830 vix
1544 3781 1716 3837 aliter,
1775 3795 1931 3845 quum
1986 3776 2052 3826 de
2093 3776 2196 3826 ho·-

216 3855 407 3903 minnm
453 3853 757 3918 frequentin.
827 3852 994 3916 Atque
1030 3852 1096 3898 ita
1140 3850 1273 3916 apud
1324 3852 1633 3901 Ciceronem
1667 3848 1732 3898 de
1764 3850 1952 3897 amicit.
1997 3862 2195 3897 lmes-

220 3920 477 3973 leberrimi
528 3923 654 3973 dies
710 3923 953 3970 dicuutur
1007 3920 1069 3968 ab
1119 3922 1389 3969 hominum
1447 3921 1726 3985 frequentia
1792 3917 2194 3967 celebratissimi.

216 3991 421 4044 Plinius
459 4006 634 4042 autem
674 3993 770 4048 24,
813 4005 891 4056 17,
930 4005 979 4056 7.
1024 3986 1424 4039 celeberrimum
1464 3998 1582 4038 arec
1634 3986 2009 4039 Grammatico
2047 3986 2196 4035 dixit.

217 4059 384 4111 Poetae
422 4080 521 4131 pro
555 4059 743 4110 crebro
792 4076 1052 4127 usurpasse
1090 4060 1437 4110 inveniuntur.

163 4129 222 4198 ⁰⁰)
255 4134 547 4203 Hucusque
586 4133 668 4180 vet
708 4129 901 4182 adhuc.
972 4129 1074 4192 '**)
1120 4130 1295 4180 caras
1326 4126 1697 4188 succedaneos
1740 4143 1842 4192 quo
1876 4140 2025 4173 semu
2066 4123 2118 4172 b.
2152 4124 2191 4174 Ι.

207 4200 378 4255 dixerit
429 4206 797 4262 huzmannus,
859 4200 1126 4250 incertum.
1162 4213 1168 4218 ’
1218 4194 1462 4266 culpae,
1510 4196 1750 4266 periculi
1796 4193 2194 4270 succedentum
