2809 4900
577 391 807 442 xxxvl
906 367 1243 439 PETRI
1290 364 1866 439 BURMANNI
1912 362 2391 458 SECUNDI

577 539 712 610 Sed
750 537 1101 634 praecipue
1142 562 1217 606 ex
1258 536 1572 627 diligenti
1616 535 1965 634 utriusque
2011 536 2300 607 auctoris
2357 554 2709 631 compara-

579 624 798 707 tione,
871 623 973 692 sin
1073 623 1427 718 lorumque
1498 624 1790 717 capitum
1841 621 2254 705 collatione,
2328 623 2404 691 in
2457 622 2704 716 quibus

579 711 805 779 eadem
856 725 955 777 tra
1010 725 1215 776 untur
1258 726 1638 803 praecepta,
1710 707 2005 813 plurima
2050 733 2124 775 ex
2170 708 2536 804 scripturae
2586 732 2710 774 va-

581 794 813 863 rietale
855 792 1160 884 indagari
1202 810 1482 889 possunt
1528 818 1564 861 a
1612 792 1881 863 Cr1ticis
1927 794 2011 861 ad
2054 791 2365 862 lectiones
2411 817 2601 861 veras
2634 792 2707 859 in

582 879 908 948 alterutro
974 876 1300 973 scriptore
1379 877 1813 951 stabiliendas
1867 877 1968 946 vei
2030 877 2232 947 salsas
2291 877 2707 958 reficiendas,

496 988 644 1032 1¹11
714 964 895 1059 quod
947 962 1358 1056 frequentius
1432 987 1472 1031 a
1518 961 1680 1031 viris
1744 962 1954 1033 doctis
2009 961 2380 1032 factitatum
2425 961 2707 1039 venenu

583 1049 1140 1145 quemadmodum
1195 1050 1258 1118 d.
1304 1046 1352 1115 Ι.
1413 1047 1529 1117 lib.
1575 1054 1625 1117 Ι.
1672 1050 1756 1120 ad
1789 1053 2028 1117 Hereu.
2073 1072 2213 1142 cap.
2245 1055 2307 1116 8.
2353 1047 2709 1139 legendum

583 1160 755 1203 esse:
813 1137 989 1196 Illud
1021 1159 1228 1217 genus
1273 1142 1698 1215 narrationis,
1776 1137 1958 1217 quod·
1998 1140 2070 1195 in
2103 1142 2390 1215 personis
2430 1140 2710 1215 positum

585 1237 711 1297 ost,
755 1224 929 1283 debet
971 1224 1198 1284 habere
1242 1228 1544 1282 sermonis
1585 1224 2014 1304 festivitatem
2032 1265 2050 1297 ,
2123 1226 2474 1283 animorum
2515 1223 2710 1281 dissi-

584 1310 1031 1380 militudinem,
1079 1313 1496 1389 grauitatem,
1539 1310 1896 1380 lenitatem,
1953 1329 2154 1388 spem,
2199 1322 2446 1387 metum,
2492 1310 2709 1386 suspi-

585 1399 821 1455 cionem
839 1439 861 1467 ,
930 1395 1302 1456 desiderium
1322 1438 1342 1465 ,
1421 1396 2013 1464 dissimulationem,
2087 1416 2352 1454 errorem
2369 1441 2388 1467 ‚
2459 1396 2707 1454 misera·-

586 1481 895 1552 cordiam,
955 1502 1162 1541 rerum
1203 1482 1578 1555 varietates,
1636 1494 1794 1559 eta,
1866 1475 2195 1546 constabit
2237 1504 2315 1547 ex
2357 1499 2706 1570 compara·-

587 1561 769 1632 tione
815 1562 930 1632 lib.
958 1568 1007 1632 Ι.
1070 1566 1149 1634 de
1191 1569 1331 1632 InV.
1377 1587 1517 1658 cap.
1555 1589 1651 1657 ¹9.
1693 1587 1929 1712 ⁴prope
1971 1562 2203 1630 finem:
2276 1569 2423 1626 Hoc
2477 1570 2548 1624 in
2589 1585 2706 1645 ge-

482 1652 497 1673 *
587 1675 731 1712 nere
773 1657 1162 1712 narrationis
1205 1652 1407 1711 malta
1451 1660 1651 1713 inesse
1736 1651 1871 1711 eboc
1890 1653 2263 1731 festivitas,
2307 1651 2600 1731 confecta
2637 1668 2708 1708 es·

588 1760 793 1798 rerum
832 1743 1173 1810 varietate,
1233 1741 1586 1796 animorum
1627 1736 2165 1815 dissimilitudine,
2219 1732 2576 1818 gravitbte‚
2620 1737 2709 1795 le-

590 1828 824 1897 nitate,
875 1846 1019 1903 spe‚
1081 1838 1285 1894 metu,
1354 1829 1739 1904 suspicione,
1793 1823 2123 1897 desiderio,
2190 1820 2706 1891 dissimulatione,

591 1931 833 1985 errore,
893 1911 1318 1970 misericordia
1356 1922 1515 1990 etex,
1560 1907 1735 1975 unde
1826 1922 2000 1988 atet,
2043 1906 2218 1976 male
2258 1905 2437 1975 viros
2480 1906 2705 1974 doctos

589 1990 810 2088 primo
852 1990 922 2059 in
969 1991 1115 2061 loco
1175 1998 1494 2054 levitatem·
1545 2008 1774 2085 praetu
1811 1992 1972 2075 isse,
2026 2004 2093 2057 et
2134 2018 2399 2055 errorem
2451 2015 2703 2086 expun-

590 2077 801 2158 xisse,
873 2076 1005 2146 nisi
1071 2084 1326 2141 levitate
1381 2076 1592 2147 altero
1648 2075 1720 2145 in
1767 2078 1911 2146 loco
1962 2100 2029 2145 re
2081 2078 2193 2146 oni
2246 2092 2573 2173 praestet,
2633 2088 2707 2141 ut

584 2170 904 2247 gravitati
958 2187 997 2230 o
1047 2179 1354 2258 ponatur.
1442 2161 1643 2230 Istius
1685 2162 1941 2253 generis
2033 2101 2294 2232 ¹iurima
2351 2188 2389 2230 a
2433 2188 2541 2229 me
2584 2160 2705 2228 ob·-

589 2260 846 2348 serva'ta
889 2188 1043 2316 adtss
1092 2263 1391 2343 possent,
1458 2247 1516 2317 si
1562 2245 1799 2331 huius,
1845 2185 2229 2345 quosnunc
2256 2246 2544 2339 agimus,
2599 2243 2704 2312 in-

589 2349 810 2404 stituti
854 2349 1089 2402 essent.

756 2418 859 2488 Ab
905 2416 1009 2487 bis
1053 2442 1243 2499 vero,
1398 2415 1422 2486 i
1461 2416 1667 2488 Lucio
1714 2416 2075 2489 Cornificio
2110 2415 2409 2500 Seniori‚
2469 2416 2702 2498 eidem,

593 2499 711 2598 qui
753 2502 825 2571 in
868 2499 1045 2573 bello
1089 2503 1267 2575 civili
1351 2504 1468 2573 ulii
1506 2504 1809 2572 Caesaris
1842 2508 2175 2656 (ssuaestor
2222 2521 2287 2573 et
2330 2529 2452 2599 pro
2497 2509 2703 2572 Prae-

596 2603 738 2657 tore
783 2587 1022 2657 missus
1083 2587 1212 2657 suit
1276 2588 1346 2656 in
1408 2588 1782 2681 Illyricum,
1910 2614 1982 2658 os
2036 2591 2118 2660 ad
2165 2587 2575 2658 Herennium
2618 2585 2702 2653 li-

586 2674 750 2743 bros
792 2672 1213 2756 adiudicant‚
1277 2671 1344 2741 in
1391 2673 1646 2743 diversa
1702 2674 1842 2743 abit
1907 2678 2063 2743 Ger.
2109 2675 2249 2742 loh.
2301 2675 2589 2743 Vossius
2626 2671 2701 2739 de

593 2763 749 2828 Nat.
810 2773 876 2826 et
922 2760 1152 2828 Const.
1195 2758 1466 2830 Rhetor.
1527 2784 1678 2854 cap:
1710 2764 1930 2841 xm„
2008 2760 2114 2828 cui
2157 2758 2374 2828 varias
2406 2759 2701 2827 virorum

594 2843 937 2912 doctorum
982 2843 1103 2914 hac
1139 2842 1210 2911 in
1255 2871 1324 2913 re
1376 2843 1722 2938 opiniones
1766 2843 2050 2915 breviter
2093 2843 2448 2914 recensenti
2495 2839 2704 2931 magis

594 2926 906 3025 credibile
930 2929 1030 3009 fit,
1076 2954 1210 2997 esse
1232 2934 1305 2997 L.
1342 2928 1775 3006 Cornificium
1798 2927 2053 3024 ‚prioris
2087 2927 2426 3002 Cornificii
2463 2928 2699 3006 filium,

594 3033 710 3107 qut
747 3011 1050 3082 Caesaris
1086 3013 1437 3083 Octaviani
1475 3031 1693 3109 partes
1721 3029 1979 3084 secutus
2005 3020 2291 3083 Brutum
2333 3013 2488 3083 Iulii
2534 3016 2700 3082 Cae-

595 3099 760 3195 saris
803 3124 1248 3192 percussorem
1298 3125 1420 3193 pro
1461 3098 1787 3169 tribunali
1828 3099 2177 3182 accusavit,
2242 3115 2306 3169 et
2351 3093 2700 3168 Octaviani

595 3182 963 3250 Tnumviri
988 3183 1211 3252 favore
1240 3185 1494 3264 Consul
1526 3183 1654 3253 suit
1696 3209 1760 3253 A.
1803 3208 1862 3253 v.
1910 3209 1970 3253 e.
2020 3207 2356 3254 necxix.
2421 3185 2553 3253 Sed
2581 3184 2700 3251 do·-

594 3269 871 3336 ceudum
912 3268 1114 3338 fuisse
1144 3269 1387 3338 Vossio
1424 3268 1897 3354 existimamus,
1950 3269 2380 3341 Cornificium
2419 3269 2598 3337 hunc
2621 3267 2701 3334 fi-

597 3348 764 3449 lium
794 3352 969 3422 inter
995 3353 1312 3423 Rhetores
1356 3354 1458 3422 vel
1488 3354 1650 3423 artis
1698 3354 2088 3423 Rhetoricae
2128 3371 2580 3451 praeceptores
2621 3351 2700 3419 ab

595 3433 825 3532 aliquo
868 3453 1202 3519 veterum,
1286 3439 1753 3527 Quinctiliano
1809 3457 1925 3508 aut
1969 3442 2327 3522 Suetonio,
2409 3435 2697 3512 laudari;

644 3547 729 3591 uo
786 3526 1011 3592 eodem
1070 3548 1146 3591 ar
1193 3540 1460 3594 umento
1519 3524 1761 3594 refutat
1822 3526 2399 3618 Nascimbenium‚
2472 3520 2697 3620 quiin

660 3624 970 3676 omment.
1017 3609 1100 3677 ad
1175 3610 1262 3678 ib.
1292 3615 1374 3678 11.
1422 3611 1500 3678 de
1543 3615 1793 3678 Invent.
1872 3610 1996 3683 boc
2057 3639 2095 3681 o
2150 3639 2223 3682 us
2286 3608 2696 3700 largiendum

593 3691 956 3761 coniecerat
1027 3698 1318 3762 Laureae
1373 3693 1641 3774 Tullio,
1705 3693 2046 3767 Ciceronis
2139 3700 2389 3780 ibono,
2468 3693 2583 3789 qui
2638 3695 2698 3758 et

595 3777 614 3845 i
666 3802 732 3876 se
780 3777 1119 3847 Ciceronis
1166 3777 1434 3848 nomine
1492 3779 1680 3848 audit
1720 3783 1831 3869 ¹¹⁸),
1906 3801 1970 3852 et
2013 3785 2199 3853 cuius
2254 3796 2462 3853 exstat
2513 3775 2696 3846 nobis

674 3890 720 3930 n
773 3887 1021 3931 ramma
1098 3862 1167 3931 in
1234 3863 1689 3948 Academiam,
1785 3867 2125 3938 Ciceronis
2185 3867 2451 3948 villam,
2573 3860 2697 3930 uod

593 3889 772 4019 etiidgt
821 3945 936 4018 lib.
974 3953 1049 4015 11.
1137 3950 1498 4039 Antholog.
1542 3955 1688 4021 Lat.
1720 3977 1820 4046 ep.
1853 3960 1990 4024 156.
2075 3961 2165 4025 Et
2204 3953 2357 4023 hinc
2394 3954 2462 4022 in
2500 3890 2696 4022 aiiam
2751 4026 2757 4033 ι

666 4090 723 4159 '¹)
763 4086 1013 4137 Ancum
1048 4091 1268 4138 nomine
1301 4089 1491 4139 audire
1539 4108 1634 4159 pro
1675 4092 1947 4159 appellati
1970 4131 1984 4154 ,
2054 4113 2158 4145 non
2207 4095 2307 4146 dici
2364 4109 2509 4160 posse
2555 4100 2694 4158 puto.

734 4155 971 4206 nun-utin-
1008 4156 1216 4222 quidvm
1261 4159 1355 4224 Ep.
1397 4158 1438 4215 Ι,
1483 4176 1531 4226 7,
1576 4161 1673 4226 57:
1710 4178 1913 4231 rexque
1938 4173 2210 4236 paterque
2253 4160 2480 4215 Audisti
2525 4169 2695 4211 coram

730 4239 829 4276 nec
862 4223 1016 4276 verbo
1042 4226 1267 4295 parcius
1301 4227 1537 4288 obtenu
1589 4232 1678 4281 sed
1715 4233 1814 4282 hoc
1849 4235 1994 4285 aliter
2026 4237 2421 4286 conform-tum.
