2809 4900
361 299 504 368 DE
563 295 1296 368 ιΝνΕΝΤιοΝΕ
1356 295 1508 363 Lm.
1539 298 1624 367 11.
1670 294 1837 391 Cap.
1888 235 1989 364 ιδ’.
2117 270 2280 367 560‘

89 464 555 532 exercitatione
610 483 893 544 magnam
942 461 1062 523 sibi
1119 470 1185 523 et
1226 459 1605 539 verborum,
1668 472 1732 524 et
1789 463 2247 527 sententiarum

92 553 347 634 copiam
401 548 948 632 comparaverint,
1003 548 1265 608 tractari
1319 567 1455 607 non
1508 557 1814 628 poterunt
1847 557 2086 626 ⁴ornate
2103 592 2123 625 ,
2182 559 2248 610 et

90 635 413 716 graviter,
469 632 992 714 quemadmodum
1030 640 1255 691 natura
1295 631 1580 711 ipsorum
1622 632 1955 696 desiderat.
2038 633 2244 714 Atque

88 721 218 780 hoc
260 719 346 779 sit
380 719 563 781 nobis
602 716 842 780 dictum
884 717 1303 778 communiter
1339 716 1418 775 de
1460 716 1635 777 omni
1675 735 1907 797 genere
1950 717 2245 782 locorum

88 804 542 866 communium.

271 885 473 953 CAP.
515 885 684 950 xvl.
769 885 967 950 Nunc,
984 881 1397 970 exponemus,
1439 889 1508 949 in
1550 887 2047 956 coniecturalem
2086 907 2246 950 con-

86 975 491 1038 stitutionem
533 973 645 1054 qui
684 972 814 1032 loci
856 993 1217 1033 communes
1253 972 1537 1032 incidere
1592 973 1858 1034 soleant:
1929 972 2245 1053 suspicio-

84 1061 281 1122 nibus
327 1058 506 1128 credi
547 1066 885 1138 oportere,
966 1068 1029 1118 et
1050 1077 1211 1122 ‹non
1252 1067 1577 1138 oportere,
1653 1055 2018 1118 rumoribus
2062 1055 2244 1126 credi

86 1154 426 1225 oportere,
470 1151 533 1203 et
569 1163 701 1203 non
743 1151 1081 1223 oportere:
1110 1143 1367 1203 testibus
1411 1140 1586 1201 credi
1628 1150 1963 1221 oportere,
2005 1151 2069 1201 et
2108 1161 2243 1202 non

87 1237 427 1310 oportere:
467 1227 936 1308 quaestionibus
970 1225 1158 1290 erodi
1198 1236 1512 1307 oportere,
1558 1234 1620 1286 et
1651 1247 1783 1288 non
1823 1235 2153 1306 oportere:
2196 1222 2324 1291 413

86 1314 292 1374 'vitam
327 1322 469 1374 ante
513 1321 711 1372 actam
752 1313 1024 1392 spectari
1065 1320 1385 1393 oportere,
1437 1319 1503 1374 et
1540 1332 1672 1372 non
1701 1319 2031 1394 oportere:
2070 1309 2242 1371 eius-

85 1398 238 1459 dem
282 1416 457 1472 esse,
530 1398 643 1476 qui
701 1397 773 1457 in
810 1397 924 1457 issa
967 1417 1043 1457 re
1082 1396 1388 1477 peccarit,
1462 1405 1526 1457 et
1566 1394 1692 1456 hoc
1739 1414 1988 1474 quoque
2033 1395 2241 1456 admi-

85 1483 264 1558 sisse,
315 1493 378 1545 et
406 1503 539 1544 non
569 1500 700 1542 esse
740 1481 1049 1542 eiusdem:
1088 1481 1364 1542 maxime
1404 1479 1677 1561 spectari
1715 1498 1992 1539 caussam
2037 1499 2239 1560 opor-

86 1575 266 1643 tere,
309 1577 372 1627 et
410 1586 544 1628 non
587 1576 906 1648 oportere.
990 1568 1191 1646 Atque
1235 1565 1310 1625 hi
1347 1565 1644 1647 quidem,
1706 1574 1769 1625 et
1807 1562 1862 1622 si
1906 1564 2019 1644 qui
2061 1564 2239 1625 eius-

88 1652 268 1730 modi
326 1671 411 1714 ex
461 1652 726 1733 proprio
774 1661 1136 1732 argumento
1175 1669 1537 1712 communes
1571 1648 1706 1711 loci
1739 1657 2108 1726 nascentur,
2161 1649 2237 1712 in

89 1736 447 1796 contrarias
482 1746 690 1817 partes
730 1737 1142 1798 deducentur.

266 1819 491 1880 Certus
536 1831 744 1882 autem
786 1822 966 1886 locus
1007 1829 1100 1880 est
1156 1820 1565 1896 accusatoris,
1634 1840 1753 1901 per
1811 1838 2001 1899 quem
2054 1827 2241 1901 auget

87 1907 249 1969 facti
292 1904 715 1981 atrocitatem3
757 1915 820 1964 et
861 1906 1047 1982 alter,
1090 1926 1208 1986 per
1249 1925 1434 1987 quem
1473 1914 1659 1986 negat
1694 1906 2004 1965 malorum
2041 1905 2238 1966 mise-

90 1992 232 2053 reri
278 1998 599 2070 oportere.
683 1989 1050 2051 Defensoris
1066 2033 1085 2066 ,
1160 1987 1279 2072 per
1336 2008 1522 2068 quem
1566 1988 1879 2050 calumnis
1920 1996 2276 2067 accusato-‚

86 2096 241 2138 rum
285 2094 432 2135 cum
469 2073 900 2155 indignatione
941 2075 1323 2157 ostenditur3
1384 2084 1448 2134 et
1487 2094 1609 2158 per
1654 2092 1843 2153 quem
1890 2091 2035 2131 cum
2078 2091 2239 2131 con-

88 2160 423 2241 questione
462 2158 901 2220 misericordia
943 2169 1249 2242 captatur.
1334 2157 1452 2236 Hi,
1506 2168 1569 2220 et
1608 2158 1806 2219 ceteri
1845 2175 2061 2217 omnes
2102 2155 2235 2216 loci

91 2264 497 2319 communes,
545 2263 631 2304 ex
667 2244 891 2305 iisdem
934 2244 1286 2327 praeceptis
1324 2254 1678 2319 sumuntur,
1720 2241 1947 2323 quibus
1990 2250 2233 2301 ceterae

88 2328 694 2410 argumentationes:
742 2328 853 2390 sed
893 2330 1040 2389 illae
1079 2330 1370 2406 tenuius,
1411 2339 1477 2389 et
1514 2327 1749 2389 acutius
1767 2371 1786 2403 ,
1846 2336 1910 2388 et
1949 2326 2233 2386 subtilius

86 2422 483 2475 tractanturz
534 2410 604 2472 ln‘
644 2423 848 2474 autem
892 2416 1177 2496 gravius,
1234 2424 1296 2475 et
1334 2415 1646 2489 ornatius,
1701 2421 1765 2474 et
1801 2432 1945 2474 cum
1991 2410 2231 2488 verbis,

85 2508 231 2559 tum
278 2497 462 2558 etiam
506 2500 828 2559 sententiis
870 2500 1347 2564 excellentibus.
1424 2500 1497 2561 ln
1548 2500 1680 2559 illis
1724 2499 1895 2559 enim
1937 2495 2080 2556 finis
2122 2504 2239 2571 est,

85 2594 160 2644 ut
199 2582 306 2656 id,
348 2583 518 2663 quod
559 2582 831 2660 dicitur,
878 2602 1107 2646 verum
1151 2604 1281 2646 esse
1322 2583 1649 2648 videatur:
1704 2582 1777 2643 in
1813 2580 1945 2658 his,
1985 2580 2232 2642 tametsi

82 2716 293 2770 medic.
326 2714 473 2767 Oun.
541 2718 616 2769 In
646 2718 1025 2770 exercitatione
1056 2719 1166 2771 ΒΤ.
1235 2719 1346 2774 Etr.
1401 2728 1456 2770 et
1493 2732 1588 2769 sex
1635 2715 1857 2769 Oxenn.
1913 2726 2046 2766 teste
2098 2713 2226 2766 Sch.

82 2786 271 2840 Remo
307 2782 581 2841 editorum
615 2785 893 2836 obsecutus
933 2800 1026 2842 est.
1096 2794 1161 2841 L.

231 2855 314 2906 Et
344 2854 617 2904 verborum
650 2862 707 2905 et
730 2859 1156 2924 sententiarum]
1226 2858 1290 2909 In
1328 2868 1565 2922 utroque
1598 2865 1786 2904 nostro
1813 2851 1998 2904 c’odice
2029 2853 2230 2921 copula

85 2924 249 2989 prior.
284 2937 394 2970 uon
434 2933 633 2984 exstat,
668 2936 721 2973 et
758 2924 936 2974 forsan
976 2943 1092 2975 eam
1131 2943 1243 2976 non
1288 2926 1499 2989 scripsit
1532 2938 1738 3001 suctos,
1773 2934 1834 2973 ut
1869 2939 1986 2988 esp.
2025 2923 2093 2975 V.
2127 2920 2229 2991 af·-

67 2989 391 3059 sectionem
433 2990 499 3041 ise
532 2988 709 3041 verbis
745 2999 802 3042 et
832 2994 1133 3045 sententiis
1169 2993 1528 3064 amplificare.
1567 2992 1752 3044 Gnou.
1821 2992 1980 3042 Prior
2027 2991 2227 3058 copula

85 3061 243 3108 deest
281 3007 438 3108 Μδὲ.
475 3059 541 3110 Ο.
580 3057 729 3111 Oun.
797 3060 959 3110 Deest
989 3065 1120 3113 item
1164 3066 1218 3113 iu
1257 3065 1368 3113 BT.
1435 3064 1502 3112 L.

233 3123 423 3183 CAP.
455 3126 611 3179 XVI.
679 3130 757 3179 Be
788 3128 888 3179 Ιιοσ
923 3147 1137 3202 quoque
1185 3131 1510 3189 admisisse,
1562 3136 1617 3180 et
1651 3145 1764 3180 non
1804 3145 1924 3179 esse
1966 3127 2229 3189 eiusdem]

90 3192 419 3245 Voss.1.11.
456 3194 605 3248 Leid.
624 3196 667 3245 1.
702 3197 805 3248 ΙΙΙ.
845 3200 965 3248 Sch.
1003 3217 1031 3247 s
1067 3199 1244 3252 m.11.
1280 3201 1427 3251 adm.
1463 3198 1678 3249 dicitur.
1749 3195 1854 3252 Ed.
1870 3198 2039 3251 Omu.
2080 3197 2232 3268 quod

89 3264 246 3315 adm.
281 3261 499 3316 dicitur.
570 3264 729 3317 Voss.
759 3265 804 3315 1.
830 3265 902 3318 11.
942 3266 1091 3322 Leid.
1119 3268 1168 3323 1.
1210 3269 1334 3319 Sch.
1369 3285 1395 3317 s
1433 3283 1511 3322 m.
1536 3268 1611 3319 11.
1649 3265 1751 3319 Ed.
1778 3265 1944 3317 Omn.
1983 3264 2229 3315 eiusdem

85 3345 353 3382 caussae.
394 3332 565 3386 fovn.
639 3330 733 3384 Et·
760 3334 861 3384 Ιιοο
912 3352 1128 3405 quoque
1174 3336 1470 3387 admisisse
1520 3335 1723 3386 dicitur
1770 3334 1830 3386 Β.
1914 3336 1995 3385 Bt
2042 3333 2231 3383 omisit

88 3397 278 3450 Orell.
311 3410 433 3450 snte
468 3419 518 3453 v.
548 3403 664 3462 hoc,
701 3403 823 3468 quis
860 3415 1046 3453 ustum
1082 3418 1235 3471 putst
1267 3421 1330 3454 ex
1357 3404 1782 3470 interpolatione
1818 3402 1978 3455 codd.
2016 3416 2230 3465 eorum,

88 3469 189 3535 qui
228 3465 433 3518 dieitur
467 3470 734 3523 exhibent.
802 3470 989 3532 Recte,
1020 3476 1234 3539 opinor.
1308 3477 1375 3524 L.

234 3536 309 3587 In
347 3546 493 3587 cont.
520 3546 714 3607 partes
746 3536 1088 3609 diducentur]
1158 3541 1308 3594 Leid.
1342 3541 1385 3592 1.
1419 3541 1766 3617 diducuntur.
1839 3539 1961 3592 seh.
2002 3538 2159 3589 Voss.
2181 3538 2231 3593 Ῐ.

85 3601 251 3654 Leid.
278 3601 388 3656 111.
422 3605 525 3657 Ed.
549 3610 716 3656 Omn.
752 3605 1107 3663 deducuntur.
1181 3611 1385 3660 Victor.
1435 3626 1490 3675 p.
1522 3625 1639 3661 202.
1689 3610 2038 3660 deducentur.
2109 3608 2229 3658 Ve-

90 3674 332 3722 rissime.
397 3674 671 3726 Diducere
705 3673 1026 3725 divi-ionem
1066 3679 1152 3729 vel
1201 3679 1575 3729 dilststion‘em
1622 3679 1909 3744 siguificat,
1957 3693 2093 3744 quse
2141 3676 2228 3726 bic

86 3740 284 3790 locum
326 3758 435 3790 non
474 3744 699 3806 iubent,
761 3741 855 3791 sed
909 3750 1235 3808 permutatio
1285 3759 1336 3796 et
1387 3747 1684 3797 conversio.
1738 3746 1889 3802 Otm.
1972 3746 2043 3797 In
2083 3752 2232 3797 cont.

74 3818 284 3878 partes
318 3810 584 3861 ducentur
618 3812 677 3861 B.
735 3812 775 3863 i.
823 3828 868 3861 c.
892 3828 953 3880 I’·
990 3813 1329 3881 deducuntur
1373 3817 1442 3867 Τ.
1513 3815 1863 3870 Diducuntur
1898 3814 2008 3865 Etr.
2071 3813 2230 3863 Recte

86 3879 420 3943 scripserunt
453 3880 813 3944 deducentur,
853 3892 912 3930 ut
955 3880 1311 3952 Oudendorp.
1348 3883 1583 3946 volebat,
1617 3884 1745 3934 Ern.
1772 3883 1898 3938 Scis.
1929 3883 2110 3935 Orell.
2156 3884 2227 3933 12.

228 3940 613 3999 Misericordia
642 3953 915 4017 captatur]
983 3950 1108 4005 seh.
1144 3970 1215 4003 m.
1248 3960 1557 4022 cooptatur.
1625 3953 1777 4003 Oon.

228 4011 657 4092 Illaesenuius]
734 4016 881 4068 Voss.
919 4018 961 4068 Ι.
1000 4019 1148 4073 Leia.
1176 4022 1252 4072 11.
1283 4023 1389 4072 ΙΙΙ.
1432 4019 1521 4071 illi
1551 4030 1595 4072 t.
1665 4022 1818 4076 Ouni

194 4084 299 4158 ‘In
337 4082 462 4143 Ins,
502 4085 752 4152 tanaceti]
823 4086 972 4137 Leid.
998 4088 1074 4145 ΙΙ.
1111 4088 1171 4142 in
1210 4090 1339 4142 istis
1371 4098 1413 4142 t.
1483 4091 1639 4142 Voss.
1665 4091 1743 4142 11.
1777 4092 1839 4142 in
1871 4090 1991 4150 his.
2036 4098 2230 4141 tamen

88 4156 222 4201 etst-
294 4150 434 4204 Vide
471 4150 700 4205 collecta
733 4152 801 4206 sd
832 4156 977 4217 Caes·
1011 4157 1074 4216 1..
1099 4159 1166 4210 V.
1202 4157 1262 4210 Β.
1299 4159 1370 4212 G.
1406 4172 1454 4214 c.
1479 4158 1568 4214 54·
1637 4160 1820 4214 Eram
1851 4169 1910 4214 et
1942 4160 2005 4226 (i.
2039 4158 2229 4225 susm)
