2809 4900
587 418 688 468 m
870 392 1233 501 *PETRI
1280 394 1856 466 BURMANNI
1908 362 2388 503 sncnitm

583 558 1080 649 Maximiliano,
1143 568 1381 636 Sacrae
1433 566 1791 637 Caesareae
1834 562 2195 633 Maiestatis
2251 557 2556 656 Historici
2602 557 2698 657 ti-

585 651 725 720 tulo
769 652 1136 741 insignituS.
1225 657 1367 725 Hoc
1411 652 1552 720 loco
1589 649 1845 744 positus
1891 647 2278 723 Orationem
2315 658 2697 743 conscripsit

585 736 665 804 de
725 737 992 806 Ernesti
1046 733 1431 806 Archiducis
1499 735 1834 815 Austriae,
1911 734 2237 826 totiusque
2311 736 2699 800 Austriacae

580 819 870 890 familiae
916 820 1263 904 laudibus,
1326 847 1494 914 quae
1535 827 1779 919 Legato
1820 820 1928 889 isti
1959 812 2153 907 Regis
2188 813 2533 912 Hispaniae
2569 815 2698 883 de-

578 906 789 976 dicata
837 904 1079 995 legitur
1170 923 1272 975 ost
1310 907 1502 975 Bruti
1545 903 1884 999 Epistolas
1929 904 1999 993 in
2026 901 2309 973 editione
2339 900 2700 969 novissima

575 990 1012 1062 Berolinensi.
1101 934 1541 1062 Constituisse
1600 990 1794 1059 etiam
1866 1005 2016 1085 post
2084 988 2352 1056 Lazium
2412 983 2700 1053 scribere

524 1148 538 1168 ,
578 1077 659 1146 de
703 1082 1105 1172 Imperatore
1136 1075 1554 1145 Ferdinando
1587 1092 1762 1169 patet
1792 1102 1868 1143 ex
1910 1074 2019 1143 lib.
2051 1079 2166 1141 111.
2208 1071 2417 1168 Epist.
2460 1096 2522 1164 p.
2543 1076 2699 1160 ³59·

576 1164 656 1229 ln
700 1159 803 1230 bis
847 1186 1000 1230 vero
1043 1159 1425 1253 regionibus
1480 1159 1646 1229 vitae
1706 1160 1948 1229 exitum
2001 1157 2320 1227 invenisse
2376 1161 2696 1236 Brutum,

575 1245 743 1314 mihi
813 1245 1125 1315 credibile
1182 1246 1290 1328 fit,
1366 1244 1518 1314 licet
1588 1245 1669 1314 de
1719 1261 2045 1339 tempore,
2113 1243 2388 1342 ‚quando
2443 1266 2476 1309 e
2515 1238 2696 1307 vivis

577 1329 959 1413 excesserit,
1023 1347 1137 1400 aut
1183 1329 1363 1413 loc0,
1426 1329 1535 1398 ubi
1585 1329 1921 1399 defunctus
1965 1328 2195 1411 fuerit,
2263 1355 2371 1394 vix
2412 1338 2696 1394 constet.

580 1415 891 1483 Ceterum
934 1432 1196 1509 praeter
1236 1413 1393 1485 baec
1437 1414 1678 1509 scripta
1718 1414 1913 1483 Bruti
2002 1412 2153 1483 aulo
2211 1429 2363 1482 ante
2415 1433 2698 1478 enume-

574 1515 756 1580 rata,
867 1525 989 1569 uae
1030 1499 1131 1570 vel
1179 1500 1399 1570 edidit'
1427 1499 1527 1568 vel
1571 1500 1921 1569 meditatus
1993 1499 2121 1581 uit,
2191 1497 2386 1566 etiam
2427 1521 2694 1567 memo-

574 1601 689 1663 rat·
717 1583 789 1653 in
891 1584 1148 1679 pistolis
1204 1584 1317 1654 lib.
1365 1591 1492 1655 111.·
1543 1610 1693 1679 pag.
1741 1590 1884 1666 284.
1958 1601 2148 1654 notas
2207 1607 2355 1651 suas
2424 1579 2495 1649 in
2537 1588 2692 1651 Ho-

574 1668 857 1753 ratium,
920 1697 1066 1739 cum
1108 1669 1560 1740 Lambinia'nis
1605 1668 1903 1749 excusa's,
1948 1695 2112 1765 quae
2145 1682 2397 1737 exstant
2431 1666 2500 1735 in
2536 1668 2694 1738 sola

573 1753 912 1823 rarissima
970 1754 1260 1826 editione
1318 1760 1574 1824 Veneta
1614 1753 1813 1824 Pauli
1855 1753 2136 1823 Manutii
2199 1779 2302 1821 an.
2351 1758 2567 1832 1566.;
2609 1753 2692 1823 in

570 1838 697 1908 lul.
740 1840 1090 1911 Caesarem
1126 1866 1385 1936 quoque
1435 1838 1738 1909 libellum
1778 1839 2106 1908 variarum
2151 1838 2494 1908 lectionum
2539 1838 2696 1908 edi-

575 1924 707 2005 dit,
769 1950 931 2020 quas
994 1950 1063 1994 se
1098 1926 1423 1995 dedicasse
1477 1926 1779 1996 Andreae
1832 1924 2094 1993 Marino
2152 1922 2380 1993 scribit
2428 1922 2492 1991 in
2534 1925 2692 1993 Ad·-

573 2009 766 2105 pend.
809 2009 1023 2105 Epist.
1080 2037 1144 2105 p.
1199 2038 1379 2081 1121.
1437 2027 1500 2078 et
1540 2009 1693 2078 illae
1737 2009 2002 2104 quidem
2046 2007 2362 2078 habentur
2397 2008 2464 2076 in
2502 2013 2691 2080 Cae-

571 2118 717 2164 sare
773 2096 1239 2186 Iungermanni
1299 2097 1399 2165 ed.
1458 2088 1761 2164 F'rancof.
1832 2101 2011 2164 1606.
2077 2095 2189 2163 sed
2250 2110 2502 2189 praeter
2556 2095 2689 2163 has

569 2179 786 2248 varias
835 2179 1143 2250 lectiones
1186 2178 1532 2251 adornavit
1572 2179 1768 2249 etiam
1813 2179 2112 2250 Caesaris
2150 2179 2714 2271 Commentarios,

570 2263 795 2335 multis
839 2265 1519 2335 animadversionibus
1563 2266 1976 2347 emendatos,
2045 2264 2294 2333 adiecto
2338 2264 2686 2335 volumine

559 2348 898 2432 uberiori,
955 2375 1086 2443 quo
1127 2376 1312 2420 voces
1354 2368 1439 2420 et,
1477 2350 1832 2421 locutiones
1880 2348 2181 2420 Caesaris
2245 2374 2499 2433 omnes,
2565 2378 2688 2419 re-
2793 2398 2796 2407 η

569 2459 848 2529 rumque
891 2433 1390 2532 descriptiones,
1442 2435 1526 2505 ad
1570 2435 2040 2534 supellectilem
2099 2434 2470 2505 historicam
2513 2433 2690 2507 aliis

565 2517 1107 2613 suppeditandam
1200 2520 1692 2605 illustraverat,
1785 2547 1981 2616 quem
2054 2519 2301 2590 librum
2368 2518 2684 2592 Basileae

565 2603 788 2685 edere,
848 2620 913 2674 et
967 2604 1462 2676 Transilvaniae
1504 2606 1800 2701 Principi
1845 2605 2196 2676 inscribere
2239 2605 2308 2673 in
2348 2603 2570 2674 animo
2602 2632 2684 2678 se

561 2684 868 2758 babuisse
941 2689 1170 2760 scribit
1239 2690 1354 2764 lib.
1420 2698 1502 2762 11.
1567 2690 1781 2786 Epist.
1849 2718 1916 2787 p.
1961 2718 2105 2759 220.
2193 2689 2539 2760 Sed‘haec
2590 2692 2684 2762 de

560 2771 715 2872 fatis
755 2774 1144 2870 scriptisque
1182 2776 1376 2846 Bruti
1419 2775 1618 2845 huius
1649 2793 1867 2848 notata
1897 2774 2255 2860 sufficiant,
2350 2800 2465 2843 uae
2501 2801 2679 2868 ope-

558 2881 777 2926 rosms
820 2884 1146 2929 recensere
1187 2886 1604 2956 paraveram,
1663 2888 1940 2956 eumque
1981 2862 2055 2930 in
2099 2862 2318 2930 finem'
2397 2860 2684 2953 pistolas

558 2938 749 3011 illius
792 2944 1154 3035 diligenter
1207 2944 1544 3040 perlegere
1592 2964 1656 3017 et
1697 2973 2032 3041 excerpere
2073 2944 2208 3015 iam
2272 2945 2677 3038 inceperam,

557 3027 675 3096 sed
729 3025 1050 3132 impetum
1101 3029 1272 3100 bunc
1330 3031 1649 3132 repressi,
1729 3049 2078 3127 postquam
2145 3029 2514 3100 incidissem
2592 3031 2679 3102 in

553 3113 841 3183 Neocorx
903 3130 967 3184 et
1011 3114 1185 3184 sikii
1227 3115 1546 3186 Biblioth.
1603 3124 1851 3187 Novor.
1919 3116 2098 3186 Libr.
2156 3121 2346 3184 Tom.
2386 3119 2497 3183 ΙΙΙ.
2552 3141 2676 3189 an.

562 3199 786 3297 16983,
837 3198 977 3298 ‚ubi
1037 3225 1186 3294 pag.
1230 3207 1374 3293 559.
1436 3202 1519 3270 ad
1574 3227 1727 3295 pag.
1770 3207 1912 3270 568.
1987 3199 2296 3271 'adcurata
2363 3199 2517 3269 satis
2579 3203 2674 3273 de

552 3285 752 3352 Bruti
791 3299 922 3352 Vlta
969 3308 1043 3353 ac
1084 3283 1337 3380 scriptis
1382 3285 1674 3356 instituta
1719 3304 1814 3356 est
1858 3285 2175 3362 recensio,
2268 3309 2386 3354 uae
2418 3284 2470 3352 si
2500 3311 2674 3356 con-

428 3407 435 3418 .
552 3363 802 3464 feratur
838 3393 985 3466 cum
1031 3367 1208 3452 illis,
1268 3394 1436 3465 quae
1478 3372 1802 3461 congessit
1843 3371 2113 3463 Baylius
2146 3311 2469 3440 inlexico
2501 3370 2673 3440 Cri-

551 3466 659 3519 tlc.
703 3468 767 3522 et
803 3456 1047 3522 Histor.
1106 3459 1294 3524 Tom.
1339 3461 1387 3524 1.
1433 3481 1514 3550 pa
1567 3510 1582 3524 .
1627 3464 1775 3549 687.
1820 3473 1884 3526 et
1924 3482 2100 3551 seq.,
2145 3454 2392 3525 videbis
2437 3461 2670 3528 omnia

550 3532 688 3603 fere
726 3562 803 3605 ex
844 3536 1006 3608 solis
1049 3538 1243 3608 Bruti
1280 3540 1512 3636 Episto
1546 3541 1600 3611 is
1652 3543 1947 3611 desumta
1989 3559 2062 3634 et¹
2078 3540 2299 3625 electa,
2342 3540 2453 3609 sed
2479 3539 2671 3612 baud

546 3644 794 3715 pauca,
853 3619 961 3692 hic
999 3648 1040 3692 a
1082 3649 1186 3692 me
1226 3643 1769 3710 commemorata,
1827 3626 2070 3697 omissa
2115 3653 2285 3696 esse:
2345 3626 2512 3694 unde
2560 3626 2669 3694 si-

547 3703 689 3772 mul
732 3711 973 3804 'tamen
1063 3707 1322 3803 liquet,
1418 3736 1621 3806 quam
1704 3711 1896 3780 utiles
1972 3729 2036 3781 et
2099 3709 2489 3781 necessariae
2569 3713 2666 3781 ad

542 3789 678 3859 fata
721 3816 1014 3861 virorum
1055 3794 1462 3863 eruditorum
1516 3796 1889 3889 indaganda
1952 3797 2082 3866 sint
2123 3822 2348 3865 eorum
2405 3794 2664 3888 episto-

521 3871 713 3976 ·lae,·
746 3901 911 3978 quas
953 3877 1147 3947 hodie
1191 3903 1229 3946 a
1275 3879 1610 3976 plerisque
1655 3901 1786 3953 tam
1828 3880 2159 3951 fastidiose
2200 3879 2518 3950 contemni
2575 3905 2662 3950 ae

540 3959 823 4059 negligi,
899 3988 1089 4056 saepe
1161 3969 1310 4047 Te,
1369 3969 1718 4050 Swmznsl,
1773 3967 2003 4035 mercis
2066 3963 2261 4033 buius
2321 3962 2660 4034 literariae

464 4047 477 4062 ‘
537 4045 1050 4145 studiosissime,
1128 4046 1272 4118 iure
1337 4068 1716 4144 querentem
1781 4067 1846 4123 et
1884 4077 2140 4121 mecum
2204 4048 2658 4142 indignantem

534 4152 833 4201 menum.
