2809 4900
638 386 751 438 xx·
936 363 1288 449 PETRI
1338 362 1926 435 BURMAN-NI
1975 363 2464 435 SECUNDI

643 535 853 613 fibros
910 535 1059 614 bos
1121 535 1391 606 laudare
1453 534 1704 621 solent,
1776 537 1956 634 quod
2028 530 2452 631 pugnandu'm
2518 553 2784 605 recuset

642 622 930 712 Regius,
979 623 1273 691 animum
1316 621 1588 716 quidem
1632 647 1788 717 prae
1835 648 1903 691 se
1949 621 2078 691 fert
2119 648 2159 691 a
2201 619 2665 717 praeiudicatis
2717 639 2786 689 et

644 706 934 776 aliorum
975 707 1220 777 iudicio
1264 707 1538 815 receptis
1582 707 2004 801 opinionibus
2049 707 2370 789 liberum,
2437 706 2587 775 licet
2631 706 2784 800 ipse

647 810 865 863 tamen
908 820 983 862 se
1020 793 1125 863 bis
1169 791 1372 862 armis
1418 793 1646 861 induat
1679 795 1777 881 *).
1869 791 2394 881 Quinctilianum
2435 808 2787 885 praeterea

645 879 976 948 contendit
1015 878 1270 947 nullam
1316 875 1715 959 librihuius
1762 877 2177 948 Ciceroniani
2217 876 2610 946 mentionem
2673 875 2784 945 fa-

646 986 827 1048 cere,
905 961 1486 1054 diligentissimum
1540 963 1916 1058 ceteroquin
1976 962 2320 1031 Ciceronis
2382 962 2788 1063 scriptorum

584 1060 595 1099 ⁷
645 1050 1155 1131 observatorem,
1195 1047 1483 1117 et‘cuius
1529 1050 1874 1119 auctoritas
1921 1047 2029 1117 bic
2071 1048 2419 1142 praecipua
2461 1064 2566 1129 snt,
2615 1046 2785 1140 quia

648 1134 729 1201 de
775 1151 911 1202 arte
956 1132 1309 1202 Rhetorica
1350 1150 1615 1224 agatur,
1674 1135 1856 1203 cuius
1896 1132 2014 1201 ille
2059 1150 2398 1227 praecepta
2442 1148 2594 1200 cum‘
2638 1148 2786 1200 tra-

564 1239 679 1287 x1v
724 1218 986 1301 diderit,
1031 1235 1096 1287 et
1138 1217 1539 1312 antiquiores
1561 1218 1767 1287 buius
1797 1217 2185 1313 disciplinae
2225 1217 2572 1308 magistros
2669 1244 2786 1285 as-

649 1302 778 1372 sim
839 1303 1266 1386 recensuerit,
1326 1303 1714 1372 Ciceronem
1781 1303 2064 1373 indicato
2121 1303 2427 1386 nomine,
2487 1320 2558 1372 ut
2648 1302 2784 1371 ibri

648 1384 847 1457 huius
889 1406 1243 1471 auctorem,
1289 1413 1422 1457 non
1469 1387 1878 1458 inlaudatum
1920 1388 2381 1483 praeteriisset.
2478 1387 2785 1457 Mentio-

648 1499 802 1542 nem
859 1479 1055 1538 Tullii
1075 1479 1216 1555 filii
1255 1491 1318 1543 et
1361 1482 1572 1554 uxoris
1642 1482 1967 1539 Terentiae
2005 1475 2355 1542 falsitatem
2401 1498 2556 1567 prae
2599 1490 2785 1543 cete-

650 1559 747 1629 ris
787 1563 1164 1642 ostendere,
1210 1558 1367 1653 quia
1408 1559 1464 1627 si
1511 1576 1735 1629 auctor
1777 1560 1918 1629 eius
1961 1559 2161 1628 fuerit
2204 1560 2476 1641 Cicero,
2519 1558 2588 1627 id
2640 1558 2785 1628 sal-

653 1661 785 1714 tem
832 1644 1022 1713 valde
1066 1644 1318 1713 iuvenis
1363 1645 1490 1713 scri
1540 1644 1730 1727 serit,
1803 1663 2152 1740 antequam
2209 1668 2479 1711 uxorem
2521 1649 2784 1735 Teren-

652 1728 814 1799 tiam
872 1731 1194 1812 duxisset,
1254 1747 1367 1799 aut
1427 1732 1472 1798 fi
1505 1756 1638 1799 ium
1696 1731 1996 1799 Tullium
2051 1745 2471 1824 procreasset.
2571 1730 2786 1817 Quod

650 1841 811 1884 vero
856 1840 1084 1909 praece
1136 1814 1294 1884 toris
1344 1818 1664 1879 Her-metis
1705 1816 1807 1886 vel
1857 1823 2208 1879 Her-mestis
2252 1812 2630 1882 meminerit
2679 1814 2785 1882 hic

655 1917 882 1970 auctor
927 1900 1042 1968 lib.
1124 1955 1139 1968 .
1185 1925 1321 1995 cap.
1401 1954 1438 1984 .,
1481 1902 1555 1972 id
1599 1926 1639 1971 a
1683 1902 1996 1973 Cicerone
2041 1900 2232 1969 valde
2276 1898 2563 1969 alienum
2613 1926 2784 1982 esse,

654 1986 839 2055 cuius
896 2003 1190 2079 tempore
1232 1986 1346 2053 nul
1381 2014 1456 2056 us
1497 1994 1765 2051 Hermes
1807 1987 1910 2055 vel
1956 1994 2313 2050 Her-mestos
2356 2003 2783 2067 memoretur,

652 2094 977 2171 quemque
1012 2074 1185 2140 inter
1217 2071 1622 2142 claros-suae
1663 2073 1891 2143 aetatis
1934 2073 2255 2142 Rhetores
2299 2070 2369 2138 in
2414 2070 2565 2139 aliis
2609 2096 2655 2139 o
2741 2117 2778 2126 -

654 2157 838 2226 ribus
884 2182 1205 2251 nusquam
1264 2157 1488 2228 laudet
1540 2158 1824 2227 Tullius.
1929 2163 2217 2226 Damnat
2269 2172 2602 2263 praeterea
2657 2098 2785 2226 gi-

654 2266 955 2323 ceronem
993 2259 1360 2326 auctorem,
1403 2261 1676 2338 propter
1715 2243 1958 2336 stylum
2001 2240 2469 2337 compositione
2515 2258 2576 2312 et
2629 2269 2781 2313 sen-

657 2323 879 2395 tentiis
995 2352 1266 2422 erquam
1325 2328 1720 2401 dissimilem
1776 2329 1926 2396 aliis
1993 2329 2142 2417 eius·
2189 2325 2537 2415 operibus,
2613 2354 2784 2422 quae.

654 2411 759 2482 vel
802 2353 1176 2482 adolliiscens
1233 2412 1336 2482 vel
1405 2414 1659 2484 iuvenis
1720 2412 1821 2482 vel
1877 2438 2068 2483 senex
2127 2410 2424 2506 scripsit,
2484 2427 2547 2480 et
2600 2413 2782 2508 quod

652 2516 997 2593 praecepta
1075 2498 1204 2567 Elo
1257 2499 1513 2569 uentiae
1591 2499 1847 2568 diverso
1925 2500 2035 2568 hic
2107 2500 2338 2567 ordine
2413 2499 2778 2581 tradantur,

661 2609 861 2679 quam
908 2586 978 2651 in
1025 2583 1177 2652 aliis
1210 2523 1434 2651 ‘iunii
1478 2586 1738 2681 scriptis
1797 2587 1880 2654 ad
1933 2585 2101 2653 hanc
2164 2597 2371 2652 artem
2425 2583 2783 2677 spectanti-

655 2671 800 2741 buS.
922 2665 1223 2737 Gellium
1283 2667 1564 2765 denique
1625 2671 2014 2753 adfirmare,
2073 2668 2402 2738 neminem
2465 2666 2778 2764 antiquo-

655 2781 807 2824 rum
851 2779 1055 2848 usque
1101 2755 1186 2826 ad
1228 2757 1506 2842 Augusti
1562 2771 1856 2851 tempora
1912 2780 2067 2824 voce
2124 2758 2500 2817 barbarismi
2555 2779 2776 2836 usum,

657 2864 824 2937 quae
865 2855 1080 2907 tamen
1125 2838 1406 2909 occurrit
1431 2841 1552 2925 **)
1597 2840 1712 2910 lib.
1763 2845 1880 2910 IV.
1922 2864 2060 2932 cap.
2112 2869 2209 2910 12.

716 2967 721 2972 -
830 2925 956 2994 His
1014 2923 1435 3018 potissimum
1490 2925 1888 3017 argumentis
1950 2923 2248 3019 spurium
2309 2942 2373 2994 et
2415 2950 2488 2993 su
2582 2923 2777 2993 ositi-

656 3011 824 3082 tium
870 3008 1206 3107 Ciceronis
1249 3009 1500 3082 foetum
1548 3035 1684 3081 esse
1721 3011 1847 3079 hoc
1902 3035 2065 3141 o.pus
2123 3010 2449 3079 contendit
2566 3009 2778 3101 egius.

659 3095 1093 3166 Cornificium
1176 3094 1380 3185 igitur
1458 3097 1916 3166 Senio-rem*
1967 3105 1988 3184 )
2053 3094 2192 3163 eins
2223 3111 2574 3176 ‚auctorem
2641 3119 2779 3163 esse

655 3180 1057 3274 suspicatur,
1100 3179 1256 3274 quia
1300 3181 1785 3269 Quinctilianus
1826 3178 2144 3249 non'nnlla
2199 3179 2355 3249 huic
2416 3180 2778 3249 Cornificio

655 3265 927 3346 tribuit,
999 3290 1167 3368 quae
1246 3264 1315 3333 in
1379 3267 1482 3336 his
1546 3266 1734 3336 libris
1785 3265 2148 3353 ·le'g'untur:
2220 3265 2775 3364 quemadmodum

656 3353 833 3422 idem
880 3355 1127 3440 Regms
1173 3350 1243 3418 in
1285 3352 1459 3422 notis
1518 3353 1604 3422 ad
1645 3349 2079 3441 Quinctilian:
2135 3348 2253 3420 lib.
2303 3356 2368 3419 1.·
2416 3371 2568 3444 cap:
2601 3358 2666 3432 4.
2715 3366 2776 3417 et

658 3438 775 3520 lib.
824 3441 907 3505 11.
954 3459 1089 3529 cap.
1142 3444 1239 3517 1'4.
1283 3453 1347 3505 et
1385 3464 1534 3507 cum
1594 3453 1692 3506 eo·
1731 3436 2073 3505 Ascensius
2135 3437 2417 3529 probare
2466 3434 2774 3530 pluribus

655 3536 1004 3603 conantur,
1077 3519 1284 3594 libros
1360 3522 1482 3591 bos
1541 3522 1728 3591 illius
1788 3519 2129 3612 Cornificii
2188 3537 2365 3605 esse,
2405 3522 2519 3590 'ad
2575 3545 2774 3615 quem

654 3605 1008 3675 nonnuliae
1054 3625 1400 3698 supersunt
1443 3606 1783 3680 Ciceronis
1823 3605 2165 3696 Epistolae
2189 3656 2209 3686 ,
2254 3613 2318 3674 et
2351 3603 2581 3700 paullo
2628 3619 2777 3697 post

654 3703 932 3761 mortem
978 3691 1315 3760 Ciceronis
1359 3693 1826 3764 editosessef·
1854 3692 2169 3764 Eiusdem
2211 3690 2380 3758 forte
2403 3693 2474 3770 -Η
2516 3707 2776 3759 senten-

657 3774 784 3846 tiae
851 3777 1053 3845 fuisse
1114 3775 1371 3846 videtur
1421 3783 1658 3848 Petrus
1725 3778 2055 3862 Crinitus,
2120 3773 2237 3871 qui
2279 3775 2351 3844 in
2389 3773 2508 3846 nb.
2550 3780 2638 3845 11.
2697 3773 2776 3843 de

779 3954 1027 4023 positum
1076 3969 1169 4017 pro
1217 3953 1309 4002 illo
1360 3954 1675 4018 ponendum.
1738 3951 1810 4019 τ’)
1849 3952 2053 4003 Praeter
2101 3929 2453 4003 Cotum-usim
2489 3954 2580 3999 ›et‘1
2595 3960 2774 4018 poetas

787 4042 889 4074 nou
932 4023 1167 4082 invenio,
1207 4024 1295 4088 qui
1330 4021 1519 4071 dixerit
1551 4042 1612 4074 se
1648 4022 1873 4073 induere
1905 4021 2100 4091 aliqua
2130 4040 2205 4076 te.
2291 4022 2490 4075 Coum
2513 4024 2792 4088 patirum,

786 4093 1010 4143 indutus
1051 4109 1197 4159 nepe
1239 4108 1358 4141 cum
1399 4093 1637 4142 ablativo.
1709 4093 1778 4157 “)
1823 4092 2053 4161 Legitur
2086 4092 2432 4142 scribendum.
2501 4091 2597 4155 ”“)
2631 4092 2772 4142 Nus-

782 4180 937 4228 quam
998 4162 1372 4229 Quinctiliauus
1432 4161 1779 4228 Cornificium
1847 4157 2126 4215 Seniorem
2189 4161 2458 4213 Rhetorica
2510 4162 2770 4231 scripsisse

781 4233 936 4296 dicit5
982 4233 1281 4301 siiupiicitcr
1321 4229 1672 4299 Cornffloium
1707 4232 1955 4282 nominat.
2025 4232 2083 4283 8.
2155 4230 2218 4299 †)
2253 4231 2531 4283 Portam-fe.
