2809 4900
530 224 1950 401 PRAEFAT.DFJDICATQRIA.
2152 311 2280 364 mn

313 448 517 519 Notis
561 476 721 521 vero
770 453 969 522 Bruti
1012 450 1281 529 additas
1307 454 1413 537 vel
1453 456 1847 551 praemissas
1887 456 2058 529 forte
2088 460 2164 549 ἱΨ)
2229 485 2358 533 xzv
2462 457 2466 461 ’

147 534 456 630 nonnulli
501 553 982 632 exspectassent
1041 539 1502 623 Manutianas,
1571 541 1726 635 quia
1790 541 1943 611 illas
1989 543 2276 628 singulis

146 619 533 703 C1oeronis,
596 647 767 716 quae
812 621 1056 705 edidit,
1112 624 1568 697 voluminibus
1611 627 1696 695 ad
1738 627 1929 707 finem
1974 630 2270 701 subiece-

140 720 239 772 rat
303 705 678 789 Graevius,
751 706 968 805 magis
1024 709 1351 809 profecto,
1433 711 1614 804 quod
1667 711 1805 804 ipse
1861 711 2139 798 fatetur,
2197 733 2272 786 ut

138 790 713 893 typographorum
762 792 1062 888 oplniom
1106 818 1181 863 ac
1221 792 1582 876 voluntati,
1641 820 1842 890 quam
1867 797 2089 866 animo
2123 824 2267 884 suo,

134 898 389 943 morem
436 876 685 947 invitus
729 894 1004 968 gereret.
1089 882 1264 947 Nam
1320 877 1391 949 in
1436 879 1720 949 Praefat.
1779 881 1864 950 ad
1907 881 2145 967 Libros
2185 886 2266 954 de

135 957 403 1029 Officiis
450 978 745 1040 testatur,
778 960 1027 1031 Aldum
1057 979 1317 1058 praeter
1353 964 1678 1035 variantes
1721 966 2016 1037 codicum
2063 971 2263 1038 MSS.

128 1039 436 1114 lectiones
479 1045 656 1115 nihil
707 1046 787 1114 de
829 1071 953 1114 suo
1010 1047 1400 1142 promsisse,
1477 1049 1589 1125 sed
1651 1048 1874 1120 omnia
1938 1049 2083 1122 illic
2143 1052 2264 1122 de·-

128 1129 464 1224 scripsisse
510 1158 586 1200 ex
631 1136 715 1200 Η.
759 1131 1006 1215 Wolfii
1052 1149 1114 1202 et
1154 1133 1345 1224 Xysti
1388 1133 1677 1203 Betuleii
1706 1135 1914 1215 notis;
1979 1135 2259 1231 ideoque

129 1237 234 1281 eas
241 1265 272 1313 ‚⁹
337 1215 505 1310 quia
562 1215 936 1295 Manutiani
973 1216 1261 1286 nominis
1319 1218 1535 1288 famae
1576 1245 1710 1288 non
1766 1246 1866 1289 res
1918 1221 2256 1305 onderen‘t,

127 1323 405 1371 omissas
466 1301 848 1371 maluisset:
937 1303 1491 1395 quemadmodum
1553 1303 1726 1374 idem
1796 1310 1856 1374 A
1887 1307 2008 1375 dus
2084 1306 2254 1379 alibi
2347 1282 2406 1341 *⁵

124 1408 389 1535 Puoque
432 1385 732 1456 aliorum
784 1413 1063 1456 messem
1122 1388 1481 1458 excantavit
1500 1390 1586 1433 *¹*
1641 1437 1660 1471 ,
1736 1405 1800 1459 et
1856 1391 1928 1458 in
1986 1416 2101 1459 sua
2163 1393 2278 1462 ad*

162 1468 369 1539 ulium
414 1475 772 1541 Caesarem
816 1470 1065 1541 scholia
1100 1498 1321 1541 omnes
1357 1472 1499 1542 Ioh.
1535 1477 1596 1541 R
1646 1472 1908 1543 ellicani
1937 1476 2247 1544 observa-

126 1553 347 1637 tiones,
379 1555 579 1625 nulla
621 1555 762 1624 eius
806 1556 1134 1627 mentione
1163 1558 1355 1639 facta,
1382 1556 1754 1638 transtulit;
1804 1558 1898 1627 sic
1928 1576 1993 1628 et
2023 1557 2092 1627 in
2123 1559 2244 1630 hos

118 1638 629 1710 Rhetoricornm
674 1639 887 1710 libros
928 1641 1152 1712 omnia
1198 1668 1349 1711 eum
1393 1664 1469 1711 ex
1496 1642 1731 1712 Toxita
1775 1645 2119 1726 derivasse,
2168 1644 2241 1714 in

116 1724 536 1795 praefatione
580 1750 740 1810 sua,
804 1752 1000 1820 quam
1045 1754 1121 1801 ex
1162 1725 1413 1796 schedis
1456 1725 1596 1796 eius
1640 1727 1934 1811 exhibui,
2004 1729 2242 1799 admo-

118 1810 256 1878 nuit
305 1809 682 1892 Graevius,
756 1810 876 1905 qui
920 1811 1306 1895 dedicationi
1355 1810 1638 1881 Aldinae
1696 1813 2239 1907 praemittendam

118 1911 452 1965 notaverat
493 1895 973 1965 dedicationem
1016 1897 1319 1977 Toxitae‚
1366 1912 1430 1965 et
1456 1920 1611 1965 suae
1641 1897 2035 1991 praefationi
2077 1900 2237 1971 sub-

120 1975 461 2053 iiciendam
500 1979 781 2050 Antonii
822 1980 1199 2049 Riccoboni·
1222 2005 1261 2049 a
1304 1981 1443 2049 Ioh.
1487 1982 1657 2049 Mar.
1684 1982 1889 2059 Matio
1918 1983 2234 2055 Brixiam)

116 2064 579 2134 Defensionem
604 2116 622 2147 ‚
685 2090 762 2133 ex
813 2090 1008 2159 opere
1048 2066 1412 2136 Riccoboni
1459 2066 1539 2134 de
1575 2070 1720 2135 Usu
1765 2066 1922 2139 artis
1978 2067 2231 2137 Rheto-

117 2147 277 2218 ricae
338 2175 493 2245 pag.
538 2155 686 2242 667.
749 2166 815 2220 et
851 2175 1031 2250 seqq.
1077 2167 1151 2220 ut
1196 2169 1260 2219 et
1304 2148 1495 2219 libris
1558 2152 1638 2219 de
1685 2150 2064 2222 Inventione
2106 2153 2230 2222 ad-

112 2231 369 2326 iungere
413 2233 623 2303 Marii
659 2232 989 2304 Victorini
1030 2234 1295 2304 Scholia
1349 2254 1816 2331 proposuerat,
1884 2239 2064 2332 quod
2103 2263 2229 2331 pa·-

114 2334 195 2387 tet
231 2347 309 2389 ex
360 2320 583 2388 Indice
624 2324 767 2387 Inte
852 2336 1064 2389 retum
1112 2318 1579 2391 'l‘ullianorum
1623 2338 1773 2416 post
1828 2318 1967 2391 eius
2016 2326 2226 2391 Prae-
2263 2320 2271 2336 '

112 2403 216 2474 fat.
260 2407 330 2475 in
374 2405 593 2500 Epist.
648 2405 735 2474 ad
839 2405 1015 2475 amil.
1100 2406 1233 2475 Sed
1296 2431 1415 2477 cur
1469 2405 1593 2475 ista
1648 2406 2222 2501 praetermiserim,

110 2492 419 2562 rationem
470 2491 544 2559 in
584 2490 1033 2585 superioribus
1085 2490 1255 2559 dedi.
1341 2490 1614 2560 Utinam
1658 2518 1811 2562 vero
1865 2517 1991 2586 pro
2037 2516 2222 2562 com-

110 2580 498 2646 mentatione
545 2576 926 2664 Manutiana
972 2575 1362 2645 haberemus
1388 2575 1718 2645 -Salmasii
1761 2593 1991 2660 notas,
2102 2602 2221 2647 uas

110 2658 173 2728 in
212 2667 570 2732 Auctorem
610 2659 1115 2731 Rhetoricorum
1159 2661 1243 2730 ad
1287 2661 1726 2745 Herennium,
1785 2688 1861 2742 ex
1889 2661 2093 2731 codici
2143 2687 2219 2732 us

113 2748 357 2816 vetustis
429 2772 471 2815 a
514 2771 585 2815 se
645 2747 1094 2828 emendatum,
1164 2745 1466 2839 promisit
1550 2747 1638 2816 ad
1694 2746 2080 2815 Tei-tullian.
2138 2748 2219 2816 de

112 2831 269 2899 Pall.
302 2856 457 2928 pag.
496 2859 660 2923 199·2
746 2856 867 2900 uae
905 2849 1122 2901 tamen
1154 2856 1288 2899 non
1320 2847 1768 2900 memorantur
1790 2831 1859 2899 in
1895 2829 2216 2921 Catalogo

111 2918 564 2986 anecdotorum
609 2920 696 2984 Sa
730 2914 924 2985 masii
965 2916 1390 3010 scriptorum,
1442 2915 1757 3011 Epistolis
1818 2916 1956 2985 ei‘us
2017 2941 2217 3010 prae-

109 3001 257 3083 fixo,
322 3019 411 3071 ut.
453 3000 591 3070 alia
692 3001 838 3069 lura
897 3026 938 3070 a
991 3000 1163 3071 Viro
1218 3024 1462 3090 magno
1561 3001 1850 3084 romissa⁵
1901 3000 2041 3069 illic
2095 3026 2216 3068 ne-

110 3084 304 3172 glecta
347 3104 522 3155 sunt.
671 3085 896 3177 gregia
941 3079 1221 3189 denique
1261 3101 1324 3154 ct
1367 3026 1809 3180 pulcfierrima
1854 3083 2214 3182 accessione

111 3171 374 3240 editioni
418 3170 573 3242 huic
613 3189 870 3240 nostrae
914 3172 1289 3240 coron1dem
1333 3169 1654 3264 imposuit
1690 3170 1822 3238 Vir
1861 3167 2214 3239 celeberri-

109 3280 243 3324 mus
281 3273 348 3326 et
387 3256 861 3326 eruditissimus
903 3256 1279 3325 Franciscus
1328 3253 1881 3350 Oudendorpius,
1939 3253 2057 3353 qui
2087 3279 2212 3344 pro

111 3364 353 3409 summa
392 3341 712 3410 amicitiae
766 3341 1228 3411 necessitudine
1285 3340 1462 3410 ultro
1520 3340 1686 3408 mihi
1745 3355 2090 3421 concessit,
2149 3355 2213 3409 et

112 3426 182 3492 ad
218 3429 412 3498 finem
453 3425 765 3516 subiungi
802 3425 1105 3519 permisit
1146 3441 1336 3496 notas
1379 3449 1530 3494 suas
1575 3424 1648 3492 in
1692 3441 2043 3518 utrumque
2085 3421 2212 3492 hoc

112 3510 600 3580 Rhetoricorum
642 3537 842 3605 opus,
916 3536 1084 3606 quae
1151 3512 1238 3579 ad
1278 3537 1390 3580 sex
1452 3509 1704 3580 codices
1754 3510 2102 3606 Leidenses
2146 3524 2212 3606 et

110 3595 439 3666 editionem
503 3595 1069 3668 Mediolanensem
1132 3619 1241 3668 an.
1290 3601 1473 3688 1474.
1561 3610 1765 3688 atque
1831 3593 2206 3663 Omniboni

163 3789 209 3849 ')
255 3788 513 3842 Fortasse.
584 3789 656 3854 ’Ἴ
678 3790 994 3839 Excantare
1031 3799 1109 3840 est
1143 3786 1478 3840 carminibus
1510 3784 1745 3855 magicis
1786 3799 1973 3836 nocere
1983 3802 2007 3842 ,-
2042 3786 2208 3834 inter-

242 3852 353 3904 dum
400 3861 552 3910 etium
608 3867 822 3907 mutare
874 3857 1071 3921 aliquid
1123 3855 1406 3915 cautando,
1471 3858 1557 3906 vel
1610 3851 1926 3921 transferre.
1993 3852 2061 3902 An
2111 3871 2207 3921 pro

241 3925 544 3992 compilare,
579 3928 815 3992 din'pere
848 3928 1083 3992 quisnam
1123 3926 1288 3990 dicet,
1338 3926 1522 3988 nisijn
1561 3924 1789 3991 oratipne
1824 3920 2080 3972 ioculari?
2139 3924 2209 3972 Et

220 3991 407 4062 fruges
446 4004 773 4050 excantare,
830 3996 970 4059 quod
1012 4012 1072 4051 ex
1107 3997 1264 4062 Legg.
1292 3996 1410 4047 ,ΧΠ
1456 3994 1644 4044 tabulis
1681 3993 1899 4040 excitant
1929 3989 2124 4041 Plinius
2157 4003 2208 4041 et

237 4062 438 4122 Seneca,
480 4077 557 4113 est
574 4060 843 4132 frugibus
877 4064 1160 4120 cantando
1193 4081 1411 4126 nocere,
1466 4061 1609 4130 qnod
1646 4060 1800 4112 donet
1852 4061 2076 4114 Senecae
2110 4077 2207 4111 ex-

232 4134 426 4200 plicatio
466 4136 704 4203 Quaestt.
747 4132 887 4193 Nau.
919 4135 982 4195 4,
1023 4151 1076 4203 7.
