2809 4900
2709 0 2744 81 Ἶ

2741 118 2746 169 'l

559 268 688 343 m
913 268 1523 373 scHnE'rzu
1582 269 1734 343 DE
1796 268 2337 343 AUCTORE
2743 212 2748 301 ³

560 440 809 512 lescens
864 466 1014 525 ωε,
1085 466 1294 538 quum
1362 441 1446 514 de
1488 438 1869 514 Inventione
1937 441 2294 513 Rhetorica
2346 437 2688 527 scriberet,

561 526 874 598 adhibere
916 529 1223 624 potuerit.
2207 566 2214 575 -

734 615 945 683 Porro
989 614 1372 684 Schuetzius
1417 616 1856 697 demonstrat,
1925 615 2331 693 Gormfioium
2369 635 2502 682 non
2536 635 2692 681 esse

561 723 754 795 posse
798 716 1127 770 auctorem
1192 700 1512 771 librorum
1584 701 1672 770 ad
1730 697 2131 769 Herennium
2149 749 2172 785 ‚
2242 697 2347 768 his
2407 697 2693 794 potissi-
2751 654 2756 759 l

562 810 747 853 mum
795 786 874 854 de
922 784 1203 855 caussis:
2057 842 2068 853 .
2757 778 2758 855 Ὺ

733 896 793 935 a.
888 875 963 952 Q.
1015 874 1385 953 Cor-afficias
1433 887 1626 956 pater
1692 870 1799 940 vix
1857 869 2108 965 aliquot
2161 867 2346 939 annis
2405 866 2693 937 Cicero-
2747 872 2760 951 ³}

562 952 719 1025 nem
782 971 991 1027 aetate
1045 957 1395 1051 superavit.
1479 964 1635 1026 Non
1694 973 1792 1026 est
1846 956 2048 1047 igitur
2100 953 2436 1038 credibile,
2508 950 2696 1021 bunc
2757 998 2762 1059 ¹

566 1040 907 1112 Ciceronis
949 1067 1155 1136 prope
1198 1042 1538 1139 aequalem
1581 1041 1821 1111 librum
1865 1039 2235 1141 scripsisse,
2298 1040 2400 1109 cui
2445 1040 2692 1107 C1cero
2763 1108 2764 1115 χ

563 1127 940 1198 adolescens
985 1152 1130 1196 eam
1168 1128 1615 1199 auctoritatem
1659 1127 1993 1210 tribuent,
2047 1143 2123 1196 ut
2162 1152 2239 1195 ex
2276 1150 2353 1195 eo
2387 1150 2457 1194 ιιι
2487 1149 2695 1192 suum
2763 1136 2764 1177 ἑ

564 1225 703 1279 tam
743 1210 948 1281 multa
988 1212 1385 1283 transferret.
1470 1218 1572 1283 Ne
1669 1239 1704 1282 e
1743 1212 1959 1280 ullum
2001 1213 2175 1306 apud
2214 1227 2504 1280 auctores
2562 1234 2692 1276 ve-

567 1312 732 1365 teres
755 1347 776 1379 ,
835 1295 949 1391 qui
991 1298 1494 1370 Rhetoricorum
1549 1323 1588 1366 a
1691 1295 2096 1366 Herennium
2138 1295 2533 1394 mentionem
2575 1291 2694 1391 vel
2767 1338 2768 1345 κ

566 1380 853 1464 faciunt,
910 1380 1012 1451 vel
1052 1382 1283 1463 fecisse
1322 1384 1655 1467 videntur,
1726 1381 2074 1473 vestigium
2134 1397 2234 1450 est
2255 1432 2275 1463 ‚
2346 1379 2451 1449 cui
2505 1403 2693 1447 1ns1-
2769 1436 2770 1455 ¹

567 1483 736 1536 stete
776 1466 1143 1561 possimus,
1198 1484 1275 1538 ut
1313 1468 1675 1539 Cornificio
1715 1467 1890 1565 patri
1931 1466 2081 1538 illos
2121 1465 2326 1537 libros
2382 1463 2692 1535 tribuen-
2767 1486 2772 1555 ᾗ

566 1550 690 1620 dos
729 1576 867 1621 esse
906 1552 1097 1621 nobis
1139 1555 1667 1649 persuadeamus.
2493 1557 2504 1565 ’

736 1640 793 1700 b·
844 1641 1244 1717 Cornificium
1267 1656 1485 1708 autem
1508 1644 1752 1723 filiun»,
1782 1638 1870 1709 ad
1901 1664 2102 1735 quem
2131 1653 2284 1708 sunt
2314 1633 2694 1729 complures
2773 1664 2774 1709 3

571 1720 908 1792 Ciceronis
961 1723 1271 1817 epistolae
1325 1728 1491 1807 XII,
1542 1731 1875 1824 12—3o‚‚
1947 1724 2191 1819 quique
2249 1716 2517 1792 eius⁸in
2558 1744 2696 1788 au·-

664 1824 810 1877 ratu
850 1805 1020 1877 colle
1066 1832 1105 1876 a
1143 1808 1292 1889 fuit,
1368 1835 1519 1878 uem
1559 1808 1768 1880 libros
1812 1809 2141 1903 scripsisse
2183 1825 2428 1878 certum
2473 1820 2571 1874 est
2607 1831 2695 1874 ex

638 1891 715 1961 ic.
745 1894 875 1987 Ep.
918 1892 1007 1962 ad
1023 1835 1233 1963 &Fata
1272 1899 1332 1961 X
1369 1899 1421 1977 1,
1471 1923 1573 1963 20.
1617 1911 1685 1966 et
1722 1896 1804 1964 de
1845 1911 1988 1964 arte
2029 1892 2315 1962 oratoria
2345 1889 2694 1983 scripsisse

571 1975 793 2067 colligi
832 1994 1045 2073 potest
1090 2005 1169 2048 ex
1219 1981 1432 2073 Epist.
1477 1979 1632 2063 XII,
1685 2009 1711 2048 ι
1766 2028 1806 2062 .,
1868 1978 1985 2074 qui
2025 1978 2166 2071 ipse
2214 1975 2538 2074 designari
2578 1975 2695 2043 vi-

571 2061 764 2131 detur
802 2085 842 2131 a
884 2062 1330 2151 Quinctiliano
1372 2069 1490 2147 ΠΙ,
1541 2090 1600 2134 ι.
1657 2006 1779 2148 DZ,
1825 2070 1928 2147 3.‚
1976 2088 2111 2132 non
2150 2061 2437 2158 potuisse
2477 2059 2695 2130 hbros

571 2147 661 2221 ad
711 2147 1112 2218 Herennium
1183 2149 1586 2219 conscribere
1606 2201 1627 2232 ‚
1699 2148 2158 2240 gravissimum
2225 2162 2722 2238 argumentum·

571 2257 651 2301 ex
692 2231 828 2300 eius
854 2249 1074 2331 ‘aetate
1113 2234 1489 2327 petendum.
1576 2240 1640 2304 Is
1682 2234 1858 2307 enim
1889 2257 2060 2302 anno
2089 2234 2291 2317 V.¹C.
2336 2236 2506 2325 672„
2551 2255 2697 2326 quo

570 2339 746 2385 anno
792 2317 1127 2388 Ciceronis
1168 2317 1327 2387 libri
1383 2320 1465 2390 de
1520 2318 1898 2390 Inventione
1967 2318 2101 2387 iam
2159 2319 2526 2399 exstabant,
2598 2316 2697 2384 ad

569 2425 899 2473 summum
920 2429 1088 2501 puer
1113 2403 1412 2477 decennis
1446 2422 1609 2493 erat,
1647 2421 1838 2477 natus
1870 2402 2115 2475 scilicet
2137 2426 2312 2473 anno
2330 2407 2418 2473 V.
2440 2403 2695 2477 (2662.

737 2570 1044 2666 Denique
1082 2598 1320 2645 novam
1348 2576 1445 2656 ,de
1490 2593 1749 2649 auctore
1795 2573 2117 2645 librorum
2157 2573 2242 2641 ad
2276 2572 2694 2643 Herennium

573 2653 960 2726 Schuetzius
1026 2659 1459 2731 coniecturam
1530 2661 1831 2758 protulit.
1914 2659 2002 2728 Ei
2052 2657 2228 2728 enim
2281 2656 2483 2727 h'bros
2539 2656 2694 2728 illos

574 2739 906 2835 scripsisse
943 2741 1200 2814 videtur
1256 2754 1355 2815 M.
1399 2754 1721 2815 Antonius
1776 2749 2027 2826 Gnipho
2127 2744 2206 2813 de
2251 2766 2382 2837 quo
2440 2746 2698 2811 Sueto-

573 2823 723 2895 nius
758 2826 830 2895 in
873 2826 1100 2899 libello
1140 2831 1220 2900 de
1266 2830 1460 2903 claris
1490 2829 1952 2902 Grammaticis
1998 2794 2294 2925 pluscula
2325 2826 2696 2927 memoriae

576 2911 937 2985 mandavit.
1020 2919 1118 2985 Ac
1172 2917 1403 3007 negari
1460 2918 1726 3015 nequit,
1788 2915 2116 2998 rationes,
2163 2913 2425 3009 -quibus
2479 2929 2697 3013 untur

576 2997 662 3065 ad
717 2997 846 3067 hoc
912 3000 1532 3088 demonstrandum,
1607 3003 1697 3071 ita
1756 3026 1895 3072 esse
1951 3016 2393 3092 comparatas,
2456 3013 2531 3066 ut
2579 3025 2696 3068 le

576 3079 761 3177 alius‘
786 3107 1015 3154 eorum
1052 3083 1392 3157 rhetorum
1416 3138 1437 3174 ‚
1505 3087 1619 3184 qui
1664 3086 1776 3156 illo
1819 3102 2111 3180 tempore
2167 3083 2504 3166 vixerunt,
2566 3106 2698 3152 au-

579 3182 717 3237 ctor
770 3165 1061 3240 illorum·
1092 3170 1416 3242 librorum
1458 3198 1597 3243 esse
1688 3170 1925 3243 otuisse
1981 3193 2018 3238 a
2067 3184 2314 3262 pareat.
2399 3168 2701 3254 Accedit,

576 3276 727 3320 mea
770 3252 1036 3346 quidem
1079 3257 1429 3341 sententia,
1490 3195 1706 3353 ‘lump'
1766 3255 1894 3336 nisi
1934 3254 1990 3325 si
2068 3280 2143 3324 oc
2168 3259 2316 3322 cum
2346 3251 2702 3350 Schuetzio

579 3352 860 3416 stamas,
914 3340 1024 3406 vix
1063 3338 1483 3434 intelligitur,
1539 3343 1870 3437 quomodo
1913 3338 2199 3409 accidere
2251 3354 2573 3434 potuerit,
2623 3357 2705 3410 ut

658 3419 1073 3492 uinctilianus
1114 3423 1306 3518 plura
1349 3451 1426 3494 ex
1467 3426 1822 3497 Cornificio
1861 3424 2204 3519 proferret,
2257 3447 2424 3518 quae
2470 3422 2543 3490 in
2586 3423 2704 3496 his

581 3503 633 3605 13
681 3504 774 3605 ris
820 3507 906 3576 ad
945 3508 1340 3580 Herennium
1412 3512 1656 3607 pariter
1710 3526 1908 3607 atque
1958 3509 2138 3604 apud
2192 3508 2578 3579 Ciceronem
2619 3509 2702 3580 in

576 3587 763 3689 libris
824 3593 906 3662 de
962 3592 1338 3664 inventione
1402 3621 1595 3692 saepe
1661 3598 1747 3665 ad
1805 3596 2076 3666 verbum
2127 3592 2455 3684 leguntur.
2542 3594 2701 3664 Sci-

513 3726 521 3739 .
582 3673 736 3744 hcet
776 3677 1092 3747 Suetonio
1138 3694 1298 3750 teste
1343 3680 1580 3753 Cicero
1623 3680 1834 3750 audiit
1892 3673 2251 3748 Antonium
2301 3683 2704 3763 Gniphonem

580 3774 721 3828 tum
763 3760 999 3846 etiam,
1062 3787 1267 3867 quum
1304 3763 1442 3835 iam
1499 3784 1765 3863 praetor
1805 3783 2000 3849 esset,
2069 3764 2140 3835 h.
2181 3791 2238 3835 e.
2299 3790 2435 3835 non
2472 3763 2704 3835 solum

579 3860 811 3945 antea,
870 3849 987 3926 sed
1026 3864 1223 3918 etlam
1266 3867 1454 3944 post,
1510 3876 1717 3947 quum
1757 3850 1892 3927 iam
1934 3866 2243 3946 praetura
2292 3849 2705 3940 fungeretur.

577 3933 762 4000 th
801 3948 1014 4002 autem
1067 3937 1396 4002 Antonius
1471 3940 1722 4020 Gnipho
1793 3936 2142 4005 secundum
2200 3934 2524 4004 Schuetzii
2579 3960 2706 4004 ra-

579 4014 789 4084 tiones
846 4041 1051 4113 usque
1105 4020 1191 4089 ad
1241 4044 1490 4094 annum
1551 4027 1641 4092 V.
1687 4023 1774 4092 (3.-
1809 4028 1991 4113 69ο.,
2065 4018 2179 4090 ubi
2236 4043 2409 4090 anno
2465 4021 2705 4090 aetatis

579 4099 1118 4198 quinquagesimo
1162 4104 1398 4177 obiisse
1439 4106 1754 4179 videtur.·
1801 4105 2028 4176 Potuit
2065 4104 2274 4197 igitur
2302 4102 2703 4182 cornificius
