2809 4900
604 369 793 427 mr
963 346 1311 469 Pssafnl
1360 347 1948 431 BURMAHM
1977 352 2470 431 ‚SECUEDI

787 518 919 588 Sed
958 519 1091 591 iam
1137 518 1392 591 diutius
1436 519 1611 591 foi-te
1645 522 1751 604 1“),
1832 547 2035 617 quam
2091 521 2196 593 fas
2238 538 2416 608 erat,
2488 523 2567 592 de
2620 546 2765 590 au·-

606 621 798 673 .ctore
837 604 1082 674 horum
1126 606 1210 675 ad
1256 606 1666 675 Herennium
1710 604 2220 677 Rhetoricorum
2258 612 2403 677 Tua
2447 623 2767 701 tempora

618 714 731 757 me
769 707 1102 761 moratum
1148 690 1354 760 fuisse
1397 717 1666 773 vereor,
1721 682 2525 786 Amplissime‘Swnsnsi,
2575 717 2766 786 quae

548 778 555 793 ‘
622 772 932 857 Ciceroni
975 800 1320 870 perperam
1361 775 1692 870 adscripta
1735 803 1914 860 esse,
1977 782 2072 846 Te
2115 776 2282 847 mihi
2312 778 2766 849 adsensurum

617 884 759 929 non
800 859 1076 943 dubito,
1142 886 1378 954 meque
1419 859 1583 929 satis
1645 886 1722 933 ex
1764 878 1917 930 voto
1976 860 2296 937 refutasse
2352 877 2767 952 argumenta

618 941 936 1027 illorum,
1000 944 1120 1038 qui
1161 945 1268 1013 vel
1315 942 1594 1045 Tullio,
1658 944 1761 1022 vel
1811 945 2218 1029 Cornifici0‚
2286 944 2392 1015 vel
2433 945 2552 1015 alii
2597 945 2766 1014 cui-

543 1061 557 1081 ·
600 1054 761 1098 cum
817 1054 899 1098 ue
938 1028 1301 1124 scriptori,
1375 1027 1629 1100 levibus
1701 1029 1985 1107 nimium
2055 1029 2447 1108 coniecturis
2504 1028 2763 1115 innixi,

518 1120 527 1129 '
598 1137 691 1181 ,εει
724 1137 761 1181 a
792 1113 1183 1202 signarunt.
1267 1110 1422 1181 Reli
1473 1140 1650 1187 uum*
1678 1114 1887 1216 igitur
1913 1115 2070 1187 Tibi
2099 1115 2431 1186 videbitur
2462 1140 2622 1197 esse,
2673 1132 2768 1184 ut

616 1223 849 1269 verum
904 1196 1389 1290 ac,genuinum
1426 1140 1802 1271 quetorici
1843 1200 2060 1286 ‚huius
2119 1202 2334 1271 foetus
2401 1217 2765 1295 parentem

617 1280 1007 1372 indagatum
1066 1310 1102 1357 a
1148 1311 1291 1365 me,
1366 1284 1708 1380 certisque,
1752 1285 1929 1356 notis
1976 1303 2040 1356 et
2083 1285 2348 1355 indiciis
2390 1286 2764 1380 probatum

612 1368 979 1451 exhibeam,
1025 1368 1393 1468 quodiam
1439 1375 1586 1438 Tuo
1627 1370 1880 1471 exigere
1909 1394 2171 1465 posses.
2259 1372 2336 1439 ld
2392 1370 2508 1465 qui
2545 1392 2764 1463 prae-

615 1464 807 1522 st'are-
835 1452 1079 1523 valebit
1110 1458 1260 1539 **),
1319 1480 1636 1544 magnum
1684 1455 1848 1525 mihi
1892 1455 2277 1551 Apollinem
2321 1455 2459 1526 fore
2491 1479 2762 1544 agnos—

598 1564 760 1608 cam
787 1552 819 1621 ,'
866 1539 1111 1634 partim
1159 1539 1316 1634 quia
1364 1539 1555 1608 nulla
1601 1541 1969 1610 Rhetorum
1998 1540 2100 1611 vel
2140 1539 2768 1611 Grammaticorum

614 1641 910 1697 veterum
994 1624 1187 1695 nobis
1251 1641 1606 1717 supersunt
1667 1643 2136 1709 monumenta,
2213 1650 2384 1720 quae
2441 1626 2766 1695 eumdem

615 1706 719 1777 vel
767 1708 1051 1779 similem
1094 1725 1429 1779 auctorem
1475 1710 1764 1804 prodant
1802 1728 1934 1793 aut·
1963 1712 2449 1792 demonstrent,
2493 1706 2763 1804 partim

618 1793 777 1889 quia
822 1820 959 1864 non
1002 1794 1137 1862 alia
1184 1793 1381 1863 huius
1429 1795 1774 1889 scriptoris
1816 1797 1898 1864 ad
1945 1795 2395 1889 posteritatem
2425 1821 2763 1900 pervene—

616 1895 778 1969 runt
824 1905 1057 1973 opera,
1128 1907 1163 1949 e
1208 1877 1452 1973 quibus
1514 1906 1620 1959 res
1677 1882 1763 1950 ad
1825 1879 2156 1975 liquidum
2215 1882 2444 1950 deduci
2509 1880 2762 1972 possit.

620 1962 1008 2034 Ciceronem
1053 1990 1211 2034 sane
1261 1964 1478 2060 ipsum
1525 1991 1661 2033 non
1730 1990 1900 2049 esse,
1977 1968 2089 2034 sed
2150 1964 2587 2035 Ciceroniano
2637 1982 2764 2037 ta-

614 2075 768 2117 men
811 2075 973 2119 aevo
1008 2050 1279 2134 vixisse,
1340 2049 1441 2119 vel
1488 2049 1722 2151 paullo
1815 2067 1917 2129 ost
1962 2050 2103 2120 eius
2146 2050 2403 2120 obitum
2447 2049 2606 2119 haec
2659 2050 2763 2119 li-

616 2137 776 2203 teris
815 2137 1194 2217 mandasse,
1256 2159 1333 2205 ac
1375 2136 1655 2229 proinde
1694 2159 1731 2204 a
1824 2134 2143 2233 inferiora
2190 2151 2482 2230 tempora
2527 2135 2762 2204 mini-

610 2245 720 2289 me
792 2221 1276 2289 detrudendum
1354 2245 1526 2303 esse,
1621 2246 1760 2291 non
1834 2220 2118 2291 infirmis
2188 2220 2565 2293 rationibus
2637 2247 2764 2292 me

618 2304 982 2374 ostendisse
1027 2305 1305 2399 opinor;
1381 2307 1495 2375 sed
1555 2305 1826 2376 nomine
1878 2331 2002 2375 suo
2046 2323 2381 2377 auctorem
2436 2304 2764 2396 ignotum

528 2407 761 2458 xxxvn
840 2416 876 2459 e
920 2388 1054 2459 situ
1106 2389 1423 2474 excitare,
1479 2407 1680 2486 atque
1740 2418 1816 2461 ex
1857 2391 2147 2470 tenebris
2191 2389 2366 2462 hisce
2415 2390 2485 2460 in
2525 2389 2765 2462 lucem

614 2473 1043 2571 protrahere,
1103 2502 1250 2545 cum
1297 2501 1336 2544 a
1427 2502 1716 2572 uoquam
1776 2476 1920 2545 fieri
1965 2502 2156 2571 posse
2197 2478 2570 2571 desperem,
2631 2503 2767 2548 sa·-

614 2560 768 2629 nius
815 2578 879 2629 et
927 2560 1285 2630 modestius
1330 2560 1391 2630 vi
1444 2562 1577 2645 eri,
1611 2643 1614 2648 ⁴
1647 2578 1723 2631 ut
1767 2561 2217 2652 ignorantiam
2263 2561 2534 2631 candide
2578 2588 2766 2656 pro-

611 2645 1230 2740 fiteamur-,quam
1280 2646 1465 2735 vagis
1510 2645 1614 2715 vel
1665 2646 2029 2716 temerariis
2069 2646 2464 2728 coniecturis
2508 2663 2573 2714 et
2618 2647 2764 2718 ha·-

580 2731 1088 2801 ·riolationibus
1136 2730 1282 2800 orbi
1330 2732 1590 2802 erudito
1633 2725 2035 2815 illudamus,
2094 2753 2349 2801 mecum
2405 2730 2762 2802 iudicatu-

613 2843 764 2888 rum
811 2822 905 2885 'l'e
949 2842 1030 2885 au
1082 2817 1261 2885 uror.
1349 2822 1490 2886 Hac
1533 2816 1745 2908 igitur
1788 2833 1985 2913 'parte
2049 2818 2318 2886 deficere
2375 2832 2439 2886 et
2479 2815 2765 2887 claudi-

612 2926 758 2972 care
808 2902 985 2972 malo
1037 2842 1216 2972 {ane
1272 2902 1818 2996 qualemcumque
1879 2917 2176 2971 nostram
2234 2902 2766 2972 commentatio-

611 3013 805 3071 nem,
887 3012 1085 3082 quam
1142 3012 1414 3082 operam
1487 3014 1591 3055 me
1657 2986 1915 3069 ludere,
1991 3003 2055 3056 et
2119 2986 2386 3056 irritum
2441 2986 2766 3058 laborem

611 3075 919 3168 perdere;
1032 3089 1389 3166 uapropter
1432 3077 1800 3156 faciliorem
1856 3073 2018 3135 milzc‘
2065 3079 2314 3135 veniam
2354 3076 2767 3155 deprecatio-

610 3165 715 3221 nis
761 3164 1004 3222 arbitra
1047 3184 1117 3220 or·
1140 3162 1326 3240 fore,
1402 3175 1477 3226 ut
1532 3157 1665 3227 fere
1710 3185 1860 3227 cum
1920 3155 2386 3243 Quinctiliano
2441 3183 2766 3250 prooem.

609 3248 778 3312 lust.
827 3247 1022 3312 Orat.
1085 3242 1361 3336 loquar,
1422 3247 1616 3326 quod,
1689 3270 1832 3306 cum
1885 3250 2050 3305 inter
2097 3246 2380 3306 diversas
2437 3259 2497 3306 et
2542 3269 2752 3327 quas-

609 3332 758 3391 dam
804 3337 995 3391 eciam
1040 3335 1205 3391 inter
1246 3355 1309 3392 se
1351 3339 1718 3412 contrarias
1749 3338 2026 3392 virorum
2066 3334 2449 3408 eruditorum
2494 3337 2767 3411 opinio-

612 3439 723 3477 nes
781 3419 1070 3497 difficilis
1138 3431 1300 3477 esset
1357 3418 1607 3493 eleccio,
1674 3423 1735 3478 si
1785 3441 1912 3477 non
1988 3418 2348 3478 inveniendi
2403 3440 2605 3495 nova,
2677 3436 2768 3482 at

606 3516 770 3563 certe
814 3504 889 3563 de
938 3506 1067 3563 illis
1111 3504 1472 3577 iudicandi,
1522 3519 1744 3585 partes
1786 3506 1944 3566 mihi
1995 3510 2338 3570 sumserint.
2428 3501 2638 3585 Quod
2699 3504 2767 3572 si
2803 3541 2804 3548 ¹

604 3584 818 3655 Musis
863 3611 998 3654 non
1065 3584 1343 3662 omnino
1405 3587 1655 3656 aversis
1714 3585 1878 3654 mihi
1946 3586 2326 3656 successisse
2385 3587 2766 3672 censueris,

608 3671 688 3738 de
735 3669 1022 3739 aliorum
1065 3670 1448 3761 suffragiis,
1507 3669 1841 3741 benevolis
1888 3698 1973 3741 an
2004 3670 2288 3765 iniquis,
2334 3670 2558 3739 minus
2598 3672 2766 3740 sol-

607 3753 868 3824 licitum
917 3782 1021 3824 me
1065 3757 1316 3825 reddes.
1406 3758 1510 3826 Ad
1556 3757 1834 3827 alteram
1883 3758 2103 3850 itaque
2148 3755 2495 3851 Epistolae
2539 3753 2769 3828 huius

604 3858 895 3933 partem,
957 3841 1068 3909 sed
1115 3839 1327 3908 multo
1375 3842 1778 3926 breviorem,
1845 3865 1970 3936 qua
2020 3865 2228 3910 novae
2256 3840 2459 3908 huius
2493 3839 2768 3912 editio-

603 3924 710 3993 nis
753 3927 1097 3994 rationem·
1126 3924 1284 3994 Tibi
1328 3953 1434 3993 me
1481 3927 1895 3997 redditurum
1941 3924 2258 4030 promisi,
2318 3924 2580 3993 acced0.'

779 4014 1004 4097 Quam
1048 4011 1170 4078 sub
1218 4010 1461 4079 exitum
1506 4012 1716 4081 seculi
1771 4037 2068 4105 proxime
2132 4008 2343 4106 elapsi
2403 4008 2762 4100 egregiam
2803 4091 2804 4098 ἵ

608 4093 950 4164 Ciceronis
993 4094 1388 4178 editionem,
1450 4096 1589 4165 suis
1651 4114 1716 4166 et
1778 4096 2185 4193 optimorum
2243 4110 2757 4167 commentato-

601 4199 1029 4285 W
1081 4218 1187 4272 Sed
1200 4220 1386 4270 motin·
1401 4220 1585 4274 etiams
1622 4220 1730 4272 Sed
1743 4219 1854 4271 iam
1872 4217 2106 4283 diutius,
2130 4217 2342 4291 opinor.
2381 4217 2463 4282 *Ἴ
2507 4218 2762 4273 Poterit.
