2809 4900
305 243 793 349 LffluomJM
840 244 975 316 AD
1000 203 1423 317 unm.
1473 242 2036 333 SENTENrm-
2163 262 2257 314 n

156 427 497 485 huntione
550 418 1028 502 inscribuntur,
1092 413 1446 503 scriberet,
1514 415 1798 489 auctoris
1863 415 1950 487 ad
1993 416 2254 485 Heren-

155 507 305 576 nium
348 506 563 577 libros
603 503 981 574 adhibuisse
1039 528 1115 573 ex
1163 502 1248 571 iis
1300 529 1420 585 ue,
1495 528 1665 600 quae
1718 500 1954 588 vellet,
2013 525 2254 572 -excer-

146 594 347 688 μίσει.
430 600 847 684 Argumenta
894 606 1050 660 sunt
1090 589 1227 659 fere
1318 613 1474 658 aecz·

229 762 245 776 ·
285 706 343 745 a.
419 685 783 778 ‘Nusquam
822 674 1278 746 Herennianus
1325 673 1484 744 dicit
1521 699 1592 743 se
1616 671 1889 744 Latinos
1972 671 2251 742 uosdam

144 781 277 833 artis
315 790 437 835 sen
494 782 668 833 tores
709 779 1001 833 secutum
1045 786 1228 843 esse2
1276 774 1605 831 memorat
1645 775 1895 830 tantum
2004 782 2250 840 raecos,

141 865 196 919 et
231 875 390 943 quae
434 880 457 920 1
488 848 542 918 li
590 847 809 918 inanis
853 845 1267 939 arrogantiae
1311 870 1541 918 caussa
1581 844 1713 918 sibi
1755 841 2248 939 assumpserint,

140 958 176 1005 a
207 961 271 1005 se
309 935 545 1007 relicta
587 960 729 1004 esse
770 935 1112 1029 profitetur
1150 932 1217 1018 I,
1265 964 1324 1009 r.

282 1021 514 1091 Cicero
563 1037 821 1113 autem,
877 1018 1004 1088 etsi
1045 1043 1179 1089 non
1219 1018 1474 1109 magis,
1522 1022 1734 1120 ‘quam
1777 1014 1937 1101 ille,
1979 1012 2250 1115 Latinos

138 1103 205 1173 de
242 1123 371 1177 arte
413 1105 780 1177 Rhetorica
822 1120 1114 1174 auctores
1160 1102 1420 1188 laudat,
1464 1104 1623 1175 dicit
1657 1121 1878 1175 tamen
1918 1128 1973 1171 c.
2009 1127 2070 1171 2.
2121 1101 2250 1170 slbl

138 1188 209 1257 ab
244 1190 472 1263 ultimo
532 1188 865 1290 principio
889 1187 1122 1289 ‚huius
1178 1188 1656 1290 praeceptionis
1709 1213 1916 1289 usque
1990 1190 2084 1287 aq}
2132 1190 2251 1251 hoc

138 1290 350 1359 tenpus
418 1302 729 1347 ommum
783 1290 1179 1368 scnptorum
1239 1300 1462 1373 copias
1513 1292 1839 1371 expos1tas
1897 1298 1976 1347 ex
2003 1297 2248 1369 ,usque

142 1359 391 1451 eligendi
433 1377 830 1457 potestatem
870 1358 1098 1429 fuisse.

272 1467 325 1528 b.
409 1470 676 1534 Auctor
744 1461 832 1531 ad
883 1457 1291 1530 Herennium
1346 1459 1584 1533 diserte
1643 1459 1972 1552 significat
2012 1462 2135 1547 IV,
2171 1489 2245 1565 y.

137 1547 377 1618 nomina
433 1550 810 1641 figurarum
849 1545 1084 1615 Latina
1104 1595 1124 1629 ,
1198 1569 1385 1642 quae·
1417 1549 1497 1617 de
1541 1551 1792 1618 Graeco
1836 1562 2244 1630 convertent,

132 1652 351 1703 remota
389 1660 539 1703 esse
599 1658 642 1702 a
683 1631 1181 1710 consuetudine3
1266 1633 1439 1702 unde
1494 1631 1923 1727 probabiliter
1985 1632 2243 1725 colligi-

138 1730 252 1801 tur,
305 1717 365 1788 ei
406 1719 680 1787 nullum
722 1715 1030 1786 Rhetoris
1067 1714 1292 1786 Latini
1338 1715 1582 1787 librum
1630 1717 1961 1807 cognitum
2017 1718 2240 1800 fuisse,

135 1826 198 1868 ex
243 1828 367 1898 quo
412 1806 793 1893 figurarum
838 1800 1070 1870 Latina
1098 1799 1367 1871 nomina
1395 1801 1493 1871 sic
1520 1802 1653 1872 iam
1699 1802 1936 1875 usitata
1977 1820 2043 1876 et
2078 1828 2241 1900 pro-

134 1902 323 1979 pterea
360 1889 589 1958 minus
631 1885 1002 1983 asperitatis
1034 1884 1355 1957 babentia
1397 1903 1614 1983 petere
1669 1905 1910 1983 posset.

277 1993 526 2062 Contra
575 1989 814 2060 Cicero
855 2002 1179 2083 nusquam
1237 1988 1351 2058 tali
1398 1989 1806 2084 praefamine
1849 1980 2071 2061 utitur.

198 2176 205 2181 ¹
274 2118 321 2159 e.
403 2098 662 2163 Auctor
709 2088 1028 2160 librorum
1087 2092 1171 2161 ad
1229 2092 1637 2162 Herennium
1692 2092 2011 2175 affirmat,
2088 2090 2240 2178 sibi,

138 2201 273 2269 quae
313 2180 391 2249 de
432 2175 712 2251 exordio
759 2191 822 2245 et
859 2176 1233 2246 narratione
1276 2177 1556 2261 dixerat,
1616 2204 1763 2249 cum
1810 2177 2241 2248 ceteris·artis

138 2263 524 2358 scriptoribus
570 2276 905 2343 constare,
963 2261 1089 2331 nisi
1137 2263 1316 2357 quod
1357 2264 1437 2332 de
1484 2262 2036 2333 insinuationibus
2068 2276 2246 2335 nova'

139 2349 602 2439 excogitaverit,
665 2370 833 2443 quas
875 2344 1053 2417 solus
1093 2346 1164 2415 in
1207 2346 1330 2416 tria
1372 2364 1672 2444 tempora
1714 2348 2021 2419 diviserit.

278 2453 525 2522 Contra
574 2448 847 2532 Cicer0,
952 2447 1020 2518 ui
1068 2449 1146 2518 de
1184 2453 1323 2520 inv,
1364 2453 1419 2534 Ι,
1475 2480 1571 2543 17.
1629 2450 1884 2522 disertis
1912 2452 2125 2524 verbis
2156 2453 2236 2525 de

135 2534 337 2631 iisdem
373 2537 590 2607 tribus
638 2553 855 2629 tempo
897 2534 912 2549 ⁹
964 2561 1039 2605 us
1100 2538 1270 2627 agit,
1332 2534 1575 2639 quibus
1618 2534 2050 2610 insinuatione
2108 2566 2235 2634 po-

136 2634 271 2716 {¹9³2
328 2648 528 2719 quam
576 2620 791 2692 altero
837 2645 1068 2712 genere
1090 2621 1399 2705 texordir,
1468 2621 1649 2718 quod
1733 2621 2086 2719 rincipium
2127 2624 2248 2696 di...

140 2721 308 2804 ntur,
367 2710 693 2777 utendum
738 2705 860 2790 sit,
923 2729 1247 2800 nusquam
1290 2706 1486 2788 dicit,
1554 2732 1623 2807 se
1728 2733 1842 2778 aec
1893 2729 2238 2810 praecepta

140 2813 389 2889 pnmum
447 2793 806 2863 invenisse.
889 2794 979 2861 Et
1034 2815 1239 2886 quum
1297 2797 1750 2866 Herennianus
1810 2793 1938 2867 sib1
2004 2821 2236 2868 eorum

140 2895 510 2971 fluentorum
552 2878 819 2947 laudem
860 2893 1156 2966 arroget,
1213 2892 1591 2962 nectamen
1637 2878 1769 2949 ulla
1808 2878 1877 2949 in
1922 2907 2071 2951 eum
2114 2905 2238 2951 va·-

138 2962 319 3031 mtatis
356 2963 706 3033 cuiusdam
754 2960 942 3032 cadat
988 2960 1313 3055 suspicio,
1378 2987 1577 3033 nemo
1632 2989 1765 3036 non
1829 2963 2046 3051 videt,
2093 2971 2236 3038 He-

138 3046 396 3118 renniani
456 3046 705 3118 librum
775 3070 816 3116 a
860 3046 1210 3129 Cicerone,
1286 3073 1421 3118 non
1479 3065 1700 3121 autem
1765 3048 2104 3123 Ciceronis
2145 3052 2233 3121 li-

137 3127 296 3200 brum
337 3135 417 3202 ab
457 3130 888 3203 Herenniano
929 3149 1312 3227 usurpatum
1354 3158 1518 3203 esse.

274 3240 442 3306 Tum
497 3233 882 3306 Schuetzius
938 3236 1018 3304 de
1074 3252 1281 3307 aetate
1337 3236 1549 3306 utrius
1619 3233 1681 3306 'e
1749 3237 1969 3335 operis
2030 3263 2236 3333 agens

138 3320 421 3417 ostendit,
481 3319 841 3391 verisimile
897 3345 1084 3420 esse„
1145 3322 1533 3394 Ciceronem
1554 3261 1792 3395 ⁴fibros
1852 3351 2006 3398 suos
2044 3328 2228 3398 Rhe·-

140 3415 453 3476 tom-,orum
498 3432 621 3477 seu
676 3407 769 3475 de·
815 3405 1221 3476 Inventione‘
1254 3407 1424 3477 intra
1480 3434 1638 3479 suae
1696 3410 1926 3480 aetatis
1983 3437 2224 3482 annum

140 3488 261 3558 XX.
303 3509 365 3562 et
402 3497 658 3561 XXVI.
709 3490 837 3559 scri
887 3490 1080 3574 sisse,
1162 3495 1342 3587 quod
1398 3509 1657 3587 tempus
1707 3493 1938 3566 incidit
1991 3496 2062 3566 in
2107 3523 2228 3567 an·-

140 3594 270 3642 num
328 3584 408 3650 A.
452 3583 543 3647 V.
589 3579 671 3647 C.
730 3580 814 3646 66
861 3630 876 3645 .
949 3601 1024 3645 us
1075 3603 1155 3647 ue
1220 3578 1306 3647 ad
1377 3603 1623 3648 annum
1683 3585 1765 3649 A.
1803 3584 1890 3650 V.
1938 3583 2019 3652 C.
2076 3587 2228 3677 672.

52 3701 55 3702 ν
142 3657 261 3756 lym·
297 3662 685 3732 novissimus
750 3687 972 3729 rerum
1109 3688 1492 3733 omanarum
1548 3681 1852 3747 eventus,
1928 3668 2113 3738 cuius
2155 3668 2222 3739 in

140 3736 294 3813 hbns
326 3747 442 3816 -ad
495 3744 914 3817 Herennium·
948 3748 1055 3826 ,fit
1120 3749 1404 3832 mentio,
1488 3766 1586 3821 est
1665 3757 1935 3835 Sulpicii
1988 3757 2213 3833 caedes,

146 3849 281 3918 quae
320 3830 543 3903 incidit
576 3832 649 3901 in
689 3856 933 3900 annum
973 3838 1055 3904 A.
1097 3840 1185 3905 V.
1227 3837 1305 3905 C.
1351 3841 1497 3906 665.
1587 3836 1684 3906 Ita
1735 3862 1814 3906 ue
1857 3839 2053 3914 scribi
2096 3861 2215 3935 po-

147 3924 366 3986 tuerunt
410 3916 560 3990 libri
615 3918 700 3988 ad
737 3917 1139 4015 Herennium
1195 3945 1368 3991 anno
1416 3928 1504 3990 V.
1553 3924 1629 3996 C.
1674 3862 1842 4005 366,
1904 3924 2007 4008 vel
2052 3927 2218 3997 duo·

148 3993 561 4096 burpmxime
609 4003 1053 4104 sequentibus.
1138 4010 1240 4076 Ex
1275 4034 1412 4103 quo
1442 4006 1856 4104 perspicuum
1892 4028 2011 4093 est,
2056 4029 2218 4083 tem—

152 4103 299 4169 Pom
338 4088 619 4159 rationes
662 4087 825 4158 mhi!
874 4092 1229 4187 impedire,
1306 4120 1440 4189 quo
1494 4091 1710 4179 minus
1774 4093 2006 4166 Cicero
2058 4099 2222 4168 ado—
