2809 4900
447 339 1000 411 PRAEFAT.
1064 288 1893 425 DEDICAToRiA.
2060 316 2235 417 xxxi

97 522 277 578 varia
312 519 657 577 wlumina
702 519 944 598 copiose
988 520 1173 577 nimis
1217 531 1279 579 et
1321 518 1655 600 diligenter
1694 518 2024 603 ffederit,
2065 532 2126 579 et
2157 524 2228 580 in

92 610 249 665 Arte
306 607 658 664 Rhetorica
713 604 955 662 duobus
997 606 1172 664 libris
1218 605 1509 664 videatur
1549 608 1903 682 amplexus,
1965 628 2228 689 quorum

100 693 473 750 conmenta
516 714 561 748 a
592 693 809 748 Mario
846 690 1166 750 Victorino
1205 696 1549 770 composita
1593 695 1660 749 in
1695 692 2061 752 bibliothec-a
2089 715 2227 753 mea

92 779 261 835 vobis
306 779 642 856 reliquisse
682 797 1037 856 cognoscor.
1126 777 1315 860 Quae
1358 773 1555 841 verba
1602 800 1745 842 cum
1793 772 1859 843 in
1897 779 2044 843 MS.
2093 780 2224 843 Pa-

90 858 292 929 latino
338 858 716 949 legerentur
758 874 909 929 ante
953 857 1276 926 Victorini
1318 858 1880 943 Commentarios,
1939 885 2102 953 quos
2136 864 2223 946 Q.

86 945 296 1014 fabio
341 942 703 1014 Laurentio
748 943 949 1017 codex
992 941 1099 1012 ille
1145 960 1207 1011 et
1248 946 1394 1011 MS.
1446 942 1859 1031 Coloniensis
1913 946 2224 1027 tribuunt,

87 1026 508 1135 descriptoris
558 1026 827 1096 alicuius
873 1055 1051 1106 esse,
1114 1027 1228 1122 qui
1282 1028 1436 1096 artis
1477 1027 1834 1101 rhetoricae
1894 1030 2224 1125 epitomen

88 1116 393 1205 colleg-it,
632 1138 809 1183 eram
885 1113 1156 1183 credidit
1213 1117 1289 1181 P.
1337 1111 1686 1198 Pithoeus,
1761 1115 1941 1185 cuius
1997 1132 2223 1184 notam

87 1204 166 1271 ad
208 1202 355 1270 init.
416 1138 628 1268 libia?
684 1197 765 1265 de
810 1196 951 1267 Inv.
999 1197 1286 1269 exhibuit
1335 1200 1688 1273 Graevius:
1750 1199 1874 1271 hoc
1910 1200 2132 1270 enimi

88 1314 231 1355 sum
280 1282 671 1383 cassiodori
706 1283 1179 1382 ‘de-Victorino
1226 1282 1663 1365 testimonium
1730 1285 2050 1375 glossator
2094 1225 2220 1355 ali:

92 1373 235 1466 quis
275 1372 471 1441 initio
518 1369 758 1440 codicis
801 1385 988 1437 istius
1081 1369 1433 1437 raefixerat.
1505 1369 1658 1438 >Illo
1701 1388 1916 1440 autem
1963 1371 2030 1439 in
2073 1371 2216 1441 loco

90 1483 205 1550 per
254 1464 448 1519 varia
504 1459 826 1517 volumina
902 1478 941 1521 a
1055 1453 1392 1522 assiodoro
1452 1454 1724 1541 intelligi
1786 1482 1919 1525 non
1990 1454 2217 1526 dubito

93 1543 443 1613 oratoriae
488 1540 647 1609 artis
698 1563 936 1633 opera,
993 1563 1032 1607 a
1076 1539 1313 1632 quibus
1355 1538 1693 1629 distinguit
1728 1541 2060 1611 Ciceronis
2104 1568 2217 1610 ar-

83 1647 210 1699 tem
262 1627 724 1703 Rhetoricam,
788 1623 969 1692 cuius
1027 1624 1191 1692 duos
1256 1650 1400 1692 cum
1464 1642 1712 1694 tantum
1774 1644 2090 1696 memoret
2131 1626 2215 1694 li·-

80 1716 273 1794 bros,
325 1739 444 1783 eos
491 1727 666 1780 certe
707 1708 987 1791 indicat,
1102 1709 1167 1777 ui
1214 1710 1292 1778 de
1337 1708 1716 1781 Inventione
1760 1709 1954 1797 vulgo
1971 1710 2215 1780 'inscri-
2249 1724 2264 1735 “

82 1801 363 1879 buntur,
433 1822 656 1889 neque
716 1810 1003 1892 quatuor
1055 1793 1205 1863 ilos
1258 1794 1345 1862 ad
1408 1795 1812 1865 Herennium
1875 1797 2213 1867 Ciceronis

83 1912 219 1953 esse
263 1882 593 1974 agnoscit.
680 1885 774 1948 Et
815 1903 905 1946 sic
945 1878 1187 1949 ibidem
1228 1876 1449 1974 paullo
1580 1897 1640 1948 st
1666 1881 2033 1970 subiungit:
2091 1888 2216 1944 Li·-

88 1975 224 2032 bros
267 1986 491 2032 autem
537 1971 694 2029 duos
749 1968 1059 2027 Ciceronis
1105 1969 1182 2029 de
1223 1972 1384 2026 Arte
1419 1970 1477 2026 R
1523 1973 1756 2029 etot-ica
1806 1985 1866 2030 et
1920 1974 2215 2049 Quincti-

92 2062 249 2118 licmi
287 2058 622 2119 duodecim
662 2056 1141 2114 institutionum
1180 2054 1601 2113 iudicavimus
1656 2078 1785 2117 esse
1845 2059 2214 2133 iungendos.

92 2141 287 2211 Aliter
331 2140 519 2207 enim
566 2154 718 2231 post
752 2134 937 2234 yaria
981 2136 1089 2205 illa
1136 2136 1485 2206 Oratoriae
1529 2137 1682 2206 artis
1729 2137 2063 2209 volumina
2098 2166 2211 2208 sex

86 2226 234 2295 artis
276 2222 680 2294 Rhetoricae
725 2220 962 2302 libros,
1025 2239 1090 2291 et
1127 2249 1202 2290 ex
1235 2221 1313 2290 iis
1358 2222 1523 2291 duos
1550 2248 1589 2291 a
1624 2223 1965 2295 'Victorino
2001 2226 2211 2294 Com-

86 2311 423 2381 mensariis
470 2308 827 2376 illustratos
878 2304 1233 2377 laudasset:
1278 2309 1848 2407 *quemadmodum
1893 2309 1960 2377 in
1991 2310 2208 2380 codice

172 2398 369 2468 odam
414 2398 613 2475 MS.,
653 2418 848 2487 quem
894 2416 1101 2486 nuper
1159 2391 1360 2462 oculis
1403 2390 1799 2477 lustrabam,
1846 2396 1965 2464 sub
2012 2395 2211 2466 finem

79 2424 311 2553 gib-um
359 2478 869 2549 Rhetoricorum
919 2477 1281 2567 legebatur:
1364 2481 1677 2540 Ciceronis
1739 2486 2211 2544 libatoria-oram
2253 2551 2260 2556 ,

81 2574 267 2633 Liber
324 2572 439 2632 VJ.
488 2568 760 2645 explicit.
844 2568 937 2631 Et
975 2563 1067 2632 sic
1109 2562 1176 2630 in
1223 2562 1478 2632 duobus
1534 2565 1860 2634 codicibus
1913 2571 2211 2635 Beruen-

80 2656 253 2723 sibus
300 2651 516 2721 dividi
558 2649 683 2718 hoc
722 2674 885 2741 opus
927 2648 995 2715 in
1038 2648 1136 2715 vl
1188 2648 1427 2730 libroS,
1493 2667 1716 2719 monet
1773 2650 2084 2720 Sinnerus
2143 2653 2213 2722 in

86 2739 345 2828 egregio
372 2737 549 2804 illius
572 2732 1013 2805 Bibliothecae
1040 2733 1378 2821 Catalogo,
1425 2759 1632 2828 nuper
1660 2735 1854 2816 edito,
1899 2761 2046 2830 pag.
2063 2743 2211 2808 336.

88 2824 274 2891 Istius
316 2819 525 2891 Marii
569 2817 891 2888 Victorini
934 2818 1425 2911 Expositionem
1490 2819 1558 2886 in
1602 2821 1953 2890 Rhetorica
2016 2821 2210 2891 Cice-

90 2909 298 2988 tonis,
366 2932 491 2975 seu
532 2905 603 2972 in
647 2903 812 2972 duos
856 2902 978 2971 hos
1023 2902 1211 2972 nobis
1264 2929 1339 2971 su
1392 2904 1643 2973 erstites
1706 2905 1908 2975 libros
1966 2907 2046 2975 de
2095 2908 2210 2974 In-

90 2993 424 3071 ventione,
500 2988 745 3058 editam
803 2985 971 3055 inter
1030 2989 1293 3058 eosdem
1340 2930 1683 3058 &lictores
1741 2991 2042 3084 antiquos
2089 2992 2207 3059 Pi-

88 3077 264 3146 ὡσοὶ
308 3100 465 3170 pag.
506 3105 607 3167 79.
655 3091 720 3143 et
762 3097 946 3227 δαὶς.
991 3089 1055 3141 et
1105 3070 1172 3141 in
1209 3072 1450 3143 maiori
1483 3073 1719 3142 Aldina
1766 3075 2098 3145 Ciceronis
2169 3105 2298 3152 xxv

87 3161 369 3232 editione
414 3157 737 3230 contextui
780 3183 856 3225 su
907 3174 1165 3240 nectam,
1228 3182 1424 3251 quam
1485 3160 1802 3228 Graevius
1849 3161 2042 3229 etiam
2088 3163 2209 3232 ad·-

89 3248 239 3316 dere
280 3246 738 3323 constituerat,
799 3241 1087 3312 libenter'
1114 3239 1262 3312 huic
1305 3243 1570 3314 editioni
1616 3271 1763 3316 cum
1793 3246 2032 3314 Marini
2072 3252 2207 3317 Be·-

88 3330 357 3400 cichemi
395 3327 959 3420 castigationibus,
1072 3353 1190 3397 uae
1220 3327 1289 3396 .le
1338 3345 1531 3396 untur
1574 3328 1741 3397 inter
1787 3330 1924 3398 eius
1978 3336 2210 3419 Quae-

92 3417 333 3486 stiones
378 3413 767 3509 Epistolicas
799 3438 937 3506 cap.
968 3416 1032 3480 X
1102 3418 1256 3480 11—
1333 3417 1533 3496 xm„
1577 3414 2035 3498 adiunxissem,
2079 3417 2209 3486 nisi
2251 3429 2268 3450 ‘

92 3528 197 3571 me
234 3499 648 3570 deterruisset
690 3497 1037 3568 voluminis
1078 3498 1351 3566 nimium
1415 3499 1725 3567 densandi
1775 3500 2016 3583 moleS,
2078 3529 2209 3597 qua

96 3586 449 3656 editionum
491 3609 810 3654 novarum
855 3582 1059 3677 pretia
1105 3582 1359 3654 incendi
1384 3584 1459 3673 *)
1525 3609 1658 3654 non
1699 3583 1908 3669 facile,
1953 3604 2027 3658 ut
2058 3588 2207 3672 scis,

92 3671 418 3765 patiuntm·
457 3668 877 3762 bibliopolae.

262 3755 650 3826 Decembrio
695 3753 993 3822 succedat
1046 3755 1275 3823 Franc.
1331 3752 1637 3825 Floridus
1699 3756 2017 3840 Sabinus,
2095 3759 2208 3852 qui

102 3837 209 3910 lib,
259 3842 312 3909 I.
376 3846 546 3910 Lect.
601 3837 923 3908 Succesiv.
1002 3844 1257 3931 calz-4.
1379 3838 1703 3912 osthabita
1770 3842 2078 3911 Prisciani
2146 3861 2214 3913 et

110 3925 476 4019 Hieronymi
542 3925 711 3993 inter
770 3939 1051 4004 vetereS,
1126 3940 1195 3994 ct
1250 3929 1352 3991 Va
1406 3949 1482 3992 ae
1554 3949 1629 4024 ac
1671 3926 1978 3997 Politiani
2040 3928 2212 3996 inter'

108 4012 506 4093 recentiores,
576 4034 747 4105 quos
801 4033 1044 4077 errasse
1084 4025 1332 4091 censet,
1386 4027 1797 4096 auctoritate,
1882 4040 1957 4081 ex
2012 4013 2208 4084 variis

176 4137 224 4199 ¹)
264 4137 552 4186 Incendere
583 4147 870 4184 annonam
930 4131 1059 4181 dixit
1112 4133 1273 4182 Varro
1327 4133 1393 4182 ‹le
1443 4133 1500 4184 R.
1549 4133 1607 4184 R.
1651 4136 1742 4199 111,
1777 4152 1829 4186 2·
1901 4136 2214 4188 Accendere

225 4205 453 4270 pretium
483 4204 721 4256 restium
755 4202 884 4252 dixit
917 4201 1051 4254 Plin-
1121 4202 1509 4294 num-xvlu,
1544 4201 1630 4258 25.
