2809 4900
386 377 813 463 PRAEFA
837 378 922 448 T.
984 377 1820 487 DEDJCATORIA.
1997 404 2159 456 xmx

120 560 219 614 tero
252 547 689 621 demandatam
739 547 812 616 in
860 547 1181 618 Cicerone
1226 548 1312 617 ad
1354 564 1645 619 vetustos
1706 548 1915 620 libros
1959 551 2162 622 casti-

114 632 276 719 gando
313 633 537 703 rectius
597 650 661 703 et
705 632 958 702 maiore
1026 660 1175 703 cum
1222 633 1418 702 laude
1492 633 2047 720 administrasset,
2104 637 2164 707 si

111 715 222 806 plus
254 718 437 785 studii
524 719 806 788 osuisset
866 717 937 803 in
983 719 1326 787 emendate
1385 718 1765 803 scribendo,
1887 721 2160 791 namin

111 798 408 871 vellicando
549 804 813 886 mbin0,
873 802 1081 885 Aldo,
1135 802 1420 898 aliisque
1474 829 1542 872 se
1588 802 1782 895 longe
1892 805 2161 875 octiori-

108 882 229 967 bus,
286 904 353 954 ut
392 905 579 957 notat
626 886 951 975 Graevius
991 885 1063 954 in
1155 888 1314 957 raes.
1355 888 1440 957 ad
1472 889 1686 983 Epist.
1726 890 1812 958 ad
1839 890 2162 959 Familia-

106 994 197 1036 res.
260 973 541 1041 Fuerunt
585 974 826 1055 etiam,
899 972 1014 1066 qui
1120 990 1344 1061 rutum
1403 977 1475 1040 in
1539 973 1676 1045 suis
1717 975 1822 1043 .ad
1882 973 2158 1044 Cicero-

105 1078 216 1122 nem
252 1057 409 1126 notis
451 1057 783 1127 nonnulla
808 1057 1134 1127 Lambino
1171 1058 1570 1153 surripuisse
1600 1058 1931 1128 criminati
1980 1077 2160 1144 sunt,

104 1137 188 1205 sed
218 1163 250 1205 a
287 1167 405 1235 qua
445 1143 779 1212 calumnia
821 1142 995 1212 falso
1039 1142 1169 1211 sibi
1211 1145 1536 1212 intentata
1605 1143 1745 1234 ipse
1789 1170 1858 1213 se
1965 1162 2158 1235 urgat

104 1248 135 1290 o
199 1249 319 1295 rosa
373 1227 455 1296 ad
511 1228 915 1298 Lambinum
975 1253 1007 1295 e
1061 1226 1258 1296 istola
1319 1226 1497 1296 inter
1549 1228 1886 1324 Epistolas
2000 1229 2158 1314 ruti,

86 1250 346 1464 ffiJ'g'
374 1317 516 1380 602.
560 1329 629 1382 et
673 1319 834 1381 603..
876 1313 973 1381 ed.
1010 1253 1237 1381 gero-l.
1281 1312 1603 1381 rationem
1650 1314 1955 1407 exponit,
2025 1339 2160 1410 qua

104 1418 160 1461 in
253 1396 400 1465 endo
457 1398 1097 1497 commentandoque
1158 1396 1479 1467 Cicerone
1541 1415 1838 1468 versatus
1894 1399 2017 1482 sit,
2092 1415 2158 1470 et

105 1481 368 1570 quomodo
412 1481 865 1565 Hotomanni,
924 1480 1225 1582 Sigonii,
1282 1480 1576 1565 Mureti,
1629 1483 1908 1565 Falirni,
1985 1484 2157 1590 ipsi-

102 1588 258 1659 usque
289 1566 591 1636 Lambini
636 1567 816 1636 notis
861 1566 1064 1655 fuerit
1102 1590 1305 1666 ,usus3
1369 1564 1465 1636 ita
1507 1583 1581 1636 ut
1624 1567 1793 1636 nihil
1834 1567 1962 1639 sibi
1991 1578 2156 1665 'ipse

102 1647 158 1716 de
185 1649 373 1719 alieno
411 1652 765 1735 sumserit,
836 1650 1127 1741 ingenuo
1189 1666 1416 1720 animo
1464 1649 1793 1732 laudam,
1866 1680 2156 1749 quorum

102 1758 240 1802 curas
274 1736 610 1839 probaret,
680 1751 745 1806 et
785 1762 933 1805 cum
992 1735 1246 1805 nullius
1305 1736 1701 1834 contumelia
1758 1738 2153 1834 inquibus-

100 1818 208 1886 dam
235 1821 627 1890 dissentiens.
718 1825 860 1890 Hae
898 1838 1073 1891 certe
1104 1837 1311 1890 ,notae
1355 1848 1427 1889 in
1473 1821 1830 1892 Rhetorica
1884 1826 1968 1892 ad
2014 1829 2153 1893 He-

99 1903 379 1989 rennium,
447 1923 513 1975 et
572 1907 655 1975 de
730 1906 1153 1988 Inventione,
1216 1910 1506 1974 Brutum
1558 1907 1642 1974 ab
1699 1906 1821 1977 hac
1882 1907 2154 1979 sinistra

101 1988 400 2082 suspicione
462 1990 666 2061 facile
728 1989 1054 2075 liberant,
1136 1989 1207 2059 in
1270 1990 1511 2088 quibus
1576 1991 1884 2059 Lambini
1959 2019 2152 2087 saepe

101 2096 207 2140 cum
241 2074 415 2144 laude
456 2074 806 2158 meminit,
832 2075 982 2144 sive
1027 2075 1166 2145 eius
1209 2091 1617 2144 coniecturas
1662 2076 1969 2148 admittat
2013 2077 2150 2147 sive

99 2159 363 2252 repudiet,
430 2162 977 2230 emendationum
1042 2159 1402 2228 nimiarum
1472 2159 1576 2228 vel
1624 2160 2151 2231 coniecturarum

99 2255 279 2313 temere
329 2244 737 2315 invectarum
792 2270 1027 2340 parcus
1092 2243 1231 2339 ipse
1292 2260 1355 2313 et
1412 2243 1771 2315 abstinens,
1862 2246 2151 2316 Criticos

95 2327 223 2396 enim
256 2328 444 2398 nimis
489 2330 775 2399 audaces
819 2328 1050 2399 odisse'
1074 2332 1361 2397 Brutum
1417 2345 1594 2423 patet
1655 2356 1730 2397 ex
1791 2330 1931 2400 eius
1976 2332 2150 2426 Epi-

95 2411 235 2483 stolis
287 2412 393 2484 lib.
443 2421 561 2486 111.
615 2441 682 2510 p.
728 2417 872 2496 346.
932 2413 1486 2510 quemadmodum
1519 2413 1902 2486 fastidiosos
1951 2415 2147 2487 Cice-

93 2498 334 2568 ronianos
373 2501 571 2571 etiam
615 2498 809 2569 valde
857 2501 1319 2582 aversabatur,
1374 2514 1451 2567 ut
1493 2500 1679 2570 docet
1721 2501 2028 2597 Epistola
2060 2504 2148 2573 ad

92 2584 399 2673 Bai-gaeum
460 2585 580 2656 lib.
625 2590 711 2653 V.
790 2610 937 2680 pag.
983 2592 1126 2678 590.
1171 2600 1235 2653 et
1276 2610 1455 2683 seqq.
1537 2584 1697 2654 Fuit
1757 2602 1978 2684 autem
2038 2587 2149 2658 hie

91 2667 319 2754 Brutus,
374 2696 531 2740 nam
580 2668 818 2739 merito
861 2696 995 2739 non
1050 2696 1172 2740 suo
1217 2667 1413 2739 bodie
1455 2668 1590 2750 sere
1634 2672 1977 2740 obscurior
2022 2688 2144 2755 est,
2209 2709 2217 2723 =

92 2751 301 2823 natione
349 2760 669 2825 Venetus.
730 2755 1054 2825 .Venetias
1117 2754 1293 2824 enim
1353 2755 1637 2849 patriam
1701 2780 1893 2842 suam
1955 2767 2166 2826 vocat'

94 2833 144 2902 iu
174 2839 434 2933 Adpend„
478 2846 539 2910 E
598 2839 700 2909 ist.
741 2865 826 2933 pa
873 2895 889 2907 .
931 2868 1133 2941 ευρ...
1178 2866 1252 2908 ex
1287 2835 1545 2909 familia
1589 2842 1723 2909 anti
1777 2866 1859 2909 ua
1905 2841 2145 2914 oriun-

92 2919 210 3016 dus,
258 2926 363 3019 qui
403 2927 532 2995 ado
568 2950 788 2994 escens
829 2866 1092 2993 {ataui
1126 2923 1336 3023 literis
1393 2951 1660 3021 operam
1712 2867 1906 3024 dicdit-
1946 2952 2141 3024 prae-

90 3031 231 3098 cipue
261 3013 374 3082 sub
414 3016 677 3080 Lazaro
722 3012 1121 3091 Bonamico,
1183 3035 1288 3079 cui
1350 3035 1610 3078 summa
1664 3012 2141 3099 necessitudine

90 3091 406 3176 coniunctus
447 3096 610 3180 fuit,
658 3112 734 3166 ut
774 3112 839 3165 et
863 3098 939 3186 ²'')
984 3092 1348 3162 Mediolani
1395 3095 1685 3164 Aonium
1737 3093 2137 3177 Palearium,

89 3175 215 3245 Pisis
257 3184 523 3250 Petrum
591 3186 765 3272 Ang.
820 3171 1234 3283 Bargaeum,
1301 3178 1605 3249 Viennae
1666 3179 1804 3247 Ioh.
1848 3180 2139 3278 Samba-

88 3285 225 3344 cum,
273 3280 331 3335 et
374 3265 542 3336 alibi
587 3265 765 3334 viros
810 3263 1180 3334 eruditione
1234 3262 1528 3354 insignes
1588 3263 1822 3332 habuit
1871 3288 2137 3333 amicis-

88 3343 272 3415 simos:
333 3353 442 3420 sed
502 3351 659 3420 dein
716 3351 1024 3420 fortunae
1078 3347 1326 3416 iniuria
1386 3365 1450 3418 et
1490 3349 1874 3444 iniquitate,
1951 3348 2138 3419 nulla

88 3442 253 3501 tamen
292 3436 543 3529 patriae
588 3434 780 3530 culpa
841 3440 1053 3529 neque
1099 3432 1243 3501 ullo
1286 3459 1408 3501 suo
1468 3436 1778 3503 dedecore
1836 3433 2135 3504 exclusus

88 3510 179 3582 fuit
213 3516 375 3604 loco,
431 3547 635 3616 quem
676 3517 957 3590 maiores
994 3519 1134 3589 eius
1194 3544 1312 3612 per
1353 3534 1675 3589 trecentos
1735 3518 1870 3588 fere
1925 3542 2134 3589 annos

90 3612 400 3689 tenuerant,
464 3622 543 3674 ut
584 3605 893 3701 queritur,
943 3605 1016 3673 in
1061 3611 1336 3703 operosa
1393 3604 1480 3671 ad
1533 3603 1724 3671 Paul.
1813 3602 2001 3672 Theo
2056 3630 2134 3672 0-

90 3677 189 3752 lum
240 3690 573 3791 Epistola,
632 3715 673 3759 a
711 3716 844 3785 quo
888 3689 975 3759 ad
1014 3689 1421 3759 scribendam
1463 3687 1707 3783 patriae
1767 3688 1945 3759 urbis
2059 3715 2135 3758 e·-

91 3784 228 3840 netae
261 3774 597 3845 historiam
640 3773 1014 3869 compulsus
1058 3789 1233 3854 erat,
1284 3797 1450 3866 quae
1484 3790 1688 3841 exstat
1729 3773 1798 3841 in
1830 3773 2130 3866 Adpend.

91 3851 379 3953 Epistolar.
463 3860 656 3930 Bruti
692 3884 774 3956 pa
825 3914 838 3928 .
890 3864 1072 3928 1068.
1130 3874 1196 3928 et
1237 3857 1405 3926 inter
1447 3857 1780 3952 Epistolas
1829 3858 1984 3929 clar.
2083 3883 2216 3933 xm

93 3938 375 4037 lit-oniab
426 3945 451 4013 i
501 3971 580 4015 so
618 3887 928 4036 Lugduni
968 3943 1189 4037 ‚editas
1263 3942 1378 4040 lib.
1420 3948 1469 4011 1.
1539 3967 1689 4037 pag.
1743 3949 1881 4038 176.
1969 3942 2138 4043 Hinc
2242 3953 2248 3958 ’

95 4041 237 4092 Virus
280 4053 392 4122 per
507 4056 784 4126 uropam
835 4027 1465 4125 peregrinationibus
1529 4053 1791 4099 omnem
1855 4027 1990 4097 fere
2033 4054 2137 4096 vi-

140 4209 172 4278 ')
207 4197 478 4273 Dicendum
518 4222 646 4274 fuiti
696 4236 797 4273 nec
831 4219 1045 4283 minue,
1105 4195 1392 4287 vespotiuu
1448 4218 1703 4288 itemque.

1993 4283 2052 4344 D
