2809 4900
612 366 807 417 xxxu
907 340 1251 415 PETRI
1299 346 1889 447 BURMANNI
1941 349 2429 429 SECUNDI

609 516 851 587 horum
891 516 1399 612 Rhetoricorum
1451 520 1655 608 locis,
1731 525 2115 617 praesertim
2146 530 2216 612 ¹³¹)
2290 554 2368 598 ex
2421 528 2611 600 initio
2675 550 2748 603 et

608 604 738 671 fine
785 604 1035 697 operis,
1097 607 1381 676 ostendit
1426 609 1665 701 stylum
1707 609 1975 681 minime
2016 612 2515 684 ciceronianum
2560 642 2743 698 esse3

607 690 824 786 ipsum
880 686 1203 773 Tullium,
1278 693 1393 788 qui
1482 694 1703 764 omnia
1769 720 1888 764 sua
1943 698 2097 767 artis
2157 700 2476 770 oratoriae
2537 727 2751 795 opera

607 804 801 884 saepe
873 793 1230 860 memorat,
1323 777 1561 847 horum
1637 796 1854 848 tamen
1925 807 2250 878 nusquam
2319 785 2742 867 meminisse;

610 862 1123 954 Quinctilianum
1197 863 1266 930 in
1338 864 1711 934 recensione
1784 865 2188 952 Rhetorum‚
2266 871 2380 964 qui
2454 888 2749 941 aetatem

605 977 791 1020 suam
841 964 1351 1029 antecesserunt,
1418 949 1585 1018 facta
1630 950 1962 1020 Ciceronis
2004 955 2373 1038 mentione,
2421 956 2594 1025 solos
2629 959 2746 1025 in-

606 1037 818 1105 dicare
866 1034 1066 1102 libros
1114 1034 1193 1101 de
1238 1033 1650 1116 Inventione,
1703 1035 1770 1102 in
1813 1036 2244 1108 adolescentia
2289 1042 2371 1110 ab
2419 1068 2497 1110 eo
2527 1043 2750 1137 scrip-

603 1139 740 1200 tos;
806 1118 1223 1187 'Victorinum
1265 1119 1544 1214 denique
1588 1144 1721 1190 non
1749 1121 2318 1223 interpretaturum
2364 1126 2562 1195 fuisse
2601 1126 2746 1196 im-

604 1207 965 1301 perfectum
1012 1229 1177 1357 opus
1224 1205 1302 1273 de
1350 1205 1760 1289 Inventione,
1836 1207 1890 1275 si
1936 1224 2219 1300 integros
2276 1211 2361 1279 ad
2405 1213 2747 1280 Herenni-

605 1319 719 1361 um
779 1290 980 1359 libros
1079 1288 1279 1367 ‘unio
1339 1290 1798 1361 adscribendos
1876 1292 2001 1362 sibi
2074 1295 2518 1389 persuasisset.
2609 1299 2745 1367 His

604 1376 880 1470 aliisque
939 1374 1335 1465 argumentis
1405 1376 1708 1446 adfirmat
1774 1377 2092 1462 Sabinus,
2160 1380 2509 1452 Rhetorica
2568 1381 2748 1452 haec

604 1460 1019 1530 Her-enniana
1068 1459 1372 1529 Ciceroni
1416 1486 1552 1530 non
1597 1463 1805 1553 magis
1850 1464 2232 1548 convenire,
2288 1490 2486 1562 quam
2572 1493 2742 1536 ene-

601 1572 797 1629 roso,
861 1562 934 1614 ut
975 1545 1097 1628 ait,
1157 1570 1326 1639 equo
1372 1546 1698 1615 macilenti
1760 1548 1922 1617 asini
1984 1548 2280 1627 clitellas:
2350 1567 2464 1619 aut
2521 1550 2742 1636 ilum,

603 1633 717 1730 qui
762 1656 911 1702 cum
953 1629 1096 1699 aliis
1141 1630 1432 1700 eiusdem
1476 1634 1840 1723 argumenti
1883 1636 2187 1738 operibus
2213 1635 2527 1704 Tullianis
2572 1634 2746 1708 haec

601 1718 929 1799 conferat,
989 1714 1204 1784 asinos
1252 1734 1420 1786 certe
1482 1727 1775 1800 (anseres
1819 1718 2052 1789 dixisse
2093 1719 2388 1803 mallem)
2455 1722 2538 1790 ab
2579 1721 2745 1792 olo-

597 1805 781 1874 ribus
826 1802 1225 1890 distinguere
1271 1829 1405 1872 non
1445 1825 1657 1897 posse.
1749 1804 1919 1873 Huic
1980 1804 2425 1895 adiungendus
2472 1823 2568 1875 est
2615 1808 2742 1877 Io-

599 1890 849 1959 hannes
921 1886 1174 1957 Marius
1256 1888 1542 1971 MatiuS‚
1619 1888 1720 1957 vel
1772 1891 2081 1972 Mattius,
2159 1890 2537 1969 Brixianus‚
2611 1892 2743 1987 qui

598 1975 1119 2045 Adnotationum
1188 1971 1258 2040 in
1329 1973 1545 2042 varios
1617 1980 1934 2043 Auctores
2006 2000 2143 2070 cap.
2206 2004 2265 2044 2.
2343 2003 2418 2044 ex
2475 1976 2744 2071 aliquot

675 2058 1031 2129 uinctiliani
1074 2057 1234 2128 locis
1275 2057 1345 2125 id
1382 2056 1724 2152 praecipue
1771 2059 1934 2147 egit,
1997 2075 2071 2128 ut
2124 2061 2489 2130 ostenderet
2520 2062 2740 2132 libros

663 2146 1103 2216 hetoricorum
1150 2143 1233 2210 ad
1276 2144 1680 2212 Herennium
1731 2171 1850 2214 nec
1908 2140 2245 2215 Ciceronis
2303 2172 2421 2215 nec
2478 2149 2741 2216 Corni-

595 2232 727 2301 ficii
775 2257 945 2300 esse:
1006 2228 1109 2298 eui
1149 2252 1352 2328 quum
1384 2253 1455 2297 se
1488 2230 1899 2323 opposuisset
1935 2231 2256 2299 Antonius
2288 2232 2738 2317 Riccobonus‚

597 2335 663 2387 et
704 2344 825 2412 pro
870 2320 945 2384 L.
996 2313 1353 2383 Cormficio
1411 2329 1794 2406 pugnasset,
1861 2316 2304 2386 defensionem
2346 2317 2530 2385 istius
2577 2318 2738 2385 Ad-

590 2401 949 2474 notationis
994 2423 1149 2468 suae
1189 2398 1558 2468 uberiorem
1614 2399 1884 2469 inseruit
1936 2402 2206 2471 Mattius
2267 2400 2481 2471 Libris
2541 2403 2739 2507 Opi-

593 2490 909 2571 nionum‚
974 2511 1139 2581 quae
1185 2484 1316 2552 illic
1370 2484 1613 2575 legitur
1687 2511 1837 2579 pag.
1881 2493 2264 2590 457—471.
2331 2489 2431 2555 ed.
2476 2514 2734 2558 novlss.

591 2575 1005 2644 Riccobonus
1054 2586 1267 2639 autem
1313 2571 1701 2663 comparatis
1754 2571 2179 2658 Quinctiliam
2222 2588 2286 2641 et
2331 2571 2521 2641 huius
2577 2580 2737 2641 Au-

591 2661 786 2731 ctoris
832 2658 989 2728 locis
1037 2656 1382 2728 ostendere
1426 2671 1695 2725 conatus
1741 2673 1838 2725 est
1875 2681 1973 2739 ea,
2025 2670 2312 2750 qnae‘ex
2358 2658 2734 2729 Cornificio

591 2746 807 2815 adfert
851 2744 1129 2822 Fabius,
1190 2768 1261 2810 re
1313 2739 1464 2808 eriri
1506 2741 1574 2809 in
1615 2740 1718 2808 his
1748 2742 1829 2809 ad
1867 2741 2268 2810 Herennium
2301 2740 2730 2822 Rhetoricis:

641 2858 761 2900 uae
808 2848 1024 2900 tamen
1067 2826 1167 2896 sin
1217 2850 1323 2892 ua
1366 2825 1509 2895 loca
1572 2825 1915 2914 diligenter
1973 2843 2038 2897 et
2078 2827 2379 2895 adcurate
2440 2830 2734 2898 excussit

586 2858 896 2998 alatum,
953 2931 1025 2983 ut
1066 2851 1404 3006 proffiaren
1463 2911 1565 2980 vel
1615 2925 1749 2979 non
1795 2911 2039 3002 integre
2078 2913 2274 2980 verba
2327 2985 2332 2992 ,
2391 2911 2732 2981 uinctilia-

584 3004 654 3072 ni
711 3028 752 3073 a
796 3001 1177 3070 Riccobono
1249 2996 1570 3092 producta
1636 2996 1875 3079 fuisse,
1956 2995 2057 3065 vel
2113 2996 2258 3065 licet
2426 2996 2732 3067 mificius

586 3089 784 3160 etiam
836 3083 1180 3154 Rhetorica
1230 3082 1353 3153 scri
1404 3083 1595 3165 serit,
1725 3083 1855 3150 uod
1908 3081 1976 3149 in
2034 3099 2260 3176 aperto
2321 3098 2450 3164 est,
2519 3101 2735 3170 negat

586 3193 805 3245 tamen
848 3173 1010 3241 haec
1058 3172 1286 3239 eadem
1336 3169 1352 3183 ‘
1380 3169 1442 3236 la
1491 3107 1827 3236 Corni'lficii
1874 3165 2222 3237 Rhetorica
2278 3192 2453 3248 esse,
2537 3193 2732 3261 quo—-

494 3285 648 3338 xxv1
708 3259 885 3327 niam
920 3256 1202 3350 plurima
1235 3279 1272 3322 a
1310 3252 1664 3323 Cornificio
1699 3252 1932 3321 tradita
1975 3251 2196 3321 scribit
2226 3251 2490 3332 Fabius,
2541 3278 2729 3345 quae

580 3348 649 3416 in
694 3343 798 3413 bis
837 3341 1018 3413 libris
1062 3365 1384 3435 nusquam
1431 3353 1694 3407 exstent.
1783 3336 2168 3407 Ponderatis
2215 3336 2552 3430 utriusque
2599 3361 2728 3404 ar·-

583 3426 955 3525 gumentis‚
1009 3425 1222 3494 nullus
1270 3425 1534 3508 dubito,
1595 3422 1752 3517 quin
1799 3422 2015 3491 Mario
2047 3422 2281 3520 Mattio
2324 3420 2545 3489 album
2576 3422 2727 3492 cal-

580 3516 799 3586 culum
870 3536 1125 3582 mecum
1200 3510 1562 3579 adiecturus
1621 3508 1749 3588 sis,
1834 3533 2045 3601 neque
2121 3509 2423 3577 emerem
2492 3532 2727 3600 neque

586 3599 944 3676 Cornificio
989 3596 1400 3666 tribuendum
1447 3595 1573 3663 hoc
1630 3592 2127 3662 Rhetoricorum
2193 3589 2578 3685 opusculum
2626 3594 2730 3662 ad

578 3684 983 3756 Herennium
1028 3708 1202 3760 esse;
1264 3680 1815 3775 quemadmodum
1860 3675 2077 3746 Tullio
2138 3676 2208 3744 id
2252 3675 2444 3745 etiam
2504 3678 2726 3745 abro—

626 3789 731 3854 at,
801 3787 865 3838 et
924 3767 1279 3837 Cornificio
1349 3765 1718 3835 dubitanter
1775 3762 2100 3831 adiudicat
2166 3766 2550 3830 Demsterus
2623 3763 2724 3831 ad

571 3798 809 3929 {osia
897 3853 1039 3923 Lib.
1090 3853 1169 3921 11.
1242 3875 1381 3948 cap.
1435 3855 1530 3919 16.
1589 3874 1740 3943 pag.
1799 3852 1940 3916 163.
2029 3850 2276 3909 Auctor·
2331 3851 2722 3910 Rhetorice-

578 3970 719 4009 rum
759 3946 852 4006 ad
890 3943 1314 4012 Herennium,
1377 3961 1489 3998 seu
1552 3939 1953 4014 Cornq'sicius,
2015 3957 2126 3995 eeu
2186 3935 2446 4018 quilibet
2485 3936 2670 3993 alius
2685 3961 2716 4010 ,-

578 4047 744 4096 cer-te
808 4033 1121 4091 Ciceronis
1188 4049 1314 4087 non
1383 4038 1480 4086 est
1553 4024 1721 4083 illud
1777 4042 1951 4103 opu-e.
2035 4016 2145 4088 Sic
2198 4016 2559 4088 Lambinus
2619 4020 2722 4087 ad

645 4242 700 4309 *)
749 4236 1043 4292 Dicendum
1096 4234 1365 4301 maxime,
1410 4234 1491 4286 vel
1527 4227 1837 4301 praecipue.
