2809 4900
422 339 976 413 PRAEFAT.
1028 338 1903 445 DEDICATQQA„
1994 366 2231 421 xxxm

99 510 196 581 lih.
238 516 331 580 11.
374 511 469 581 ad
494 515 751 581 -Heren.
799 534 873 579 ca
926 565 942 580 .
993 515 1093 585 ιδ’.
1140 508 1417 582 haesitat
1449 535 1543 587 ‘an
1590 510 1945 601 Cornificio
1992 513 2128 584 sive
2149 517 2236 605 *λ

95 597 192 665 alii
234 596 562 690 cuiquam
608 594 678 667 id
723 596 849 664 dan
901 622 1013 667 um
1057 594 1223 696 sits
1270 590 1625 695 Cornificio
1673 597 2011 681 tamenid‘
2042 627 2225 693 quo-

270 681 734 750 adhibuerunt
790 685 1029 751 Petrus
1092 686 1468 762 V1ctor1u5‚
1545 681 1811 761 Paullus
1896 700 1960 751 et
2021 684 2236 761 Aldus

242 766 411 850 atii,
486 765 933 854 Maioragius,
996 770 1329 848 Muretus,
1389 766 1733 857 Sigonius,
1790 766 2099 839 Barthius
2155 768 2230 838 in

90 850 534 935 AdversariiS‚
614 868 679 921 et
754 850 1051 921 Glandor
1097 851 1198 920 ius
1268 851 1337 920 in
1380 851 1869 941 1Οιιοῑιιειεῑῑῑιξος
1931 852 2232 933 aliorum}

89 937 329 1006 iudicia
370 935 659 1006 breviter
701 935 896 1005 etiam
945 932 1045 1007 col
1073 936 1206 1026 egit
1246 938 1672 1007 Heumannus
1712 932 1780 1011 in
1827 934 2230 1011 Schediasm.

90 1024 162 1092 de
216 1022 414 1090 libris
473 1025 804 1111 Anonym.
879 1039 944 1091 et
998 1021 1301 1092 Pseudon
1351 1049 1435 1093 m.
1501 1058 1508 1064 ·
1557 1050 1650 1099 .,ι
1704 1051 1764 1125 9.
1807 1039 1871 1091 et
1919 1030 2058 1091 150.
2114 1022 2230 1094 uhi

88 1108 251 1177 inter
295 1105 429 1175 alia
470 1104 774 1174 meminit
817 1108 1019 1177 Conr.
1065 1111 1241 1175 Sam.
1272 1046 1662 1176 sichurtfeisc
1714 1107 1759 1176 1i
1799 1106 2226 1187 Dissertatio-

87 1193 181 1261 nis
238 1196 321 1256 de
372 1199 771 1257 auctoritate
825 1196 1297 1263 Rhetoricorum
1375 1195 1469 1253 ad
1479 1253 1485 1271 ,
1519 1194 1948 1267 Herennium,
2011 1193 2223 1264 editae

88 1278 498 1368 Witteherg.
552 1282 736 1369 1703.
799 1277 913 1371 qui
954 1276 1316 1347 Riccoboni
1348 1302 1479 1378 pro
1524 1277 1877 1351 Cornificio
1926 1279 2226 1347 certantis
2297 1284 2306 1291 ’

94 1363 476 1432 sententiam
516 1386 623 1430 am
678 1360 928 1431 lectitur
951 1414 970 1443 ‚
1019 1362 1169 1457 quia
1216 1361 1411 1431 dictio
1457 1377 1522 1432 et
1560 1360 1874 1433 vocabula
1914 1362 2235 1441 Rhetoris‚

94 1446 484 1517 Herenniani
528 1473 597 1514 m
675 1463 809 1515 tum
854 1472 893 1516 a
937 1446 1269 1517 Ciceronis
1317 1445 1684 1541 eloquentia
1743 1447 2015 1531 distant,
2075 1446 2228 1519 licet

91 1532 383 1602 imitandi
430 1531 755 1600 industria
798 1531 859 1601 ei
921 1531 1183 1611 similis
1213 1558 1349 1600 esse
1405 1530 1756 1615 studuerit,
1805 1531 2223 1635 plurimaque

90 1645 160 1686 ex
198 1618 388 1687 libris
433 1614 517 1685 de
564 1616 939 1686 Inventione
986 1614 1411 1729 descriPserit.
1523 1615 1827 1687 Cicerom
1883 1617 1985 1687 vel
2047 1619 2223 1687 Cor-

86 1703 298 1773 nificio
342 1700 593 1772 dubius
636 1701 948 1771 adscribit
994 1706 1117 1789 lac.
1169 1699 1541 1772 Gronovius
1586 1701 1671 1769 ad
1701 1699 1814 1775 lib.
1845 1706 1961 1771 IV.
1994 1727 2131 1798 cap.
2157 1709 2221 1772 8.

86 1795 167 1852 Et
221 1797 365 1852 iure
422 1793 577 1850 olim
640 1794 809 1851 siros
867 1790 1253 1851 doctissimos
1316 1788 1599 1851 Ciceroni
1656 1792 2050 1850 obiada-assa
2064 1837 2085 1863 ,
2143 1813 2222 1850 ao

85 1879 529 1941 verosimiliter
599 1898 701 1936 eos
761 1875 1137 1957 adsignas-se
1218 1876 1549 1951 Cormficio
1623 1889 1840 1943 censet
1902 1872 2221 1943 Graevius

86 1960 262 2032 initio
308 1977 533 2033 notar.
578 1959 665 2027 ad
714 1956 828 2027 lib.
868 1963 918 2027 1.
968 1958 1081 2052 qui
1134 1954 1572 2029 ‘Cornificium
1632 1956 1827 2027 etiam
1889 1975 2221 2031 auctorem

93 2044 233 2116 facit
269 2044 381 2115 ad'
409 2043 532 2114 lib.
578 2049 629 2112 1.
675 2066 815 2136 cap.
869 2051 964 2127 14.
1007 2045 1157 2123 fin.;
1200 2068 1356 2113 nam
1397 2068 1666 2111 manum
1711 2043 1848 2111 eius
1891 2042 2221 2129 aberrasse

94 2149 271 2224 puto,
319 2157 479 2201 cum
525 2127 926 2198 Herennium
970 2144 1159 2198 vocat
1200 2145 1533 2197 auctorem
1578 2127 1662 2196 ad
1703 2126 1814 2197 lib.
1859 2132 1938 2196 11.
1985 2153 2121 2222 cap.
2154 2135 2218 2211 4.

89 2241 226 2310 pag.
272 2222 385 2287 56.
482 2215 622 2283 Sed
673 2213 965 2283 virorum
1023 2216 1363 2283 doctorum
1423 2210 1834 2283 auctoritates
1898 2232 2032 2281 no'n
2096 2213 2219 2281 ad-
2315 2236 2323 2247 ¹

87 2301 529 2371 numerandae
572 2315 756 2382 sunt,
815 2324 969 2394 prae
1017 2299 1251 2392 quihus
1307 2298 1485 2393 apud
1543 2323 1648 2367 me
1707 2297 2079 2391 praevalent
2103 2300 2232 2386 **).

87 2410 155 2456 ar
308 2404 469 2457 enta
516 2384 766 2467 Mattii‚
829 2384 943 2481 qui
984 2380 1265 2456 ostendit
1323 2408 1435 2467 ea,
1500 2408 1666 2475 quae
1726 2410 1806 2450 ex
1861 2380 2218 2453 Cornificio

86 2498 122 2541 a
191 2491 287 2542 ert
334 2469 863 2562 quinctilianus,
922 2488 986 2540 et
1026 2470 1097 2539 in
1140 2471 1264 2539 hoc
1310 2467 1489 2538 libro
1524 2494 1643 2536 nus
1695 2494 1845 2536 uam
1894 2468 2217 2558 leguntur,

89 2561 379 2627 desumta
459 2582 602 2625 esse
678 2583 754 2625 ex
829 2545 1001 2640 alio,
1075 2553 1256 2650 quod
1331 2553 1558 2647 periit,
1690 2551 1962 2622 ornificii
2022 2579 2217 2647 opere

87 2644 478 2713 Rhetorice:
524 2666 680 2709 nam
722 2639 870 2709 licet
911 2665 1117 2735 pauca
1162 2639 1481 2731 producat
1533 2635 1818 2721 Fabius,
1884 2655 2218 2734 tamquam

95 2727 472 2809 Cornificii,
538 2751 706 2819 quae
766 2724 930 2796 forte
960 2726 1125 2810 ”³¹7
1192 2724 1388 2794 etiam
1449 2722 1517 2790 in
1575 2721 1676 2791 his
1743 2739 2079 2793 occurrant
2109 2726 2212 2812 †),

94 2813 161 2882 id
197 2831 368 2883 certe
416 2838 559 2881 non
602 2810 869 2905 probat,
931 2808 1115 2879 illum
1157 2808 1351 2877 huius
1396 2834 1660 2901 quoque
1703 2807 1915 2877 foetus
1973 2833 2212 2903 paren-

98 2915 214 2968 tem
255 2925 427 2981 esse,
493 2922 645 2965 cum
695 2894 1067 2989 saepissime
1120 2894 1349 2966 'eadem
1448 2907 1741 2988 raec'epta
1800 2910 1863 2961 et
1920 2891 2214 2986 exempla

95 2984 257 3077 apud
323 2982 621 3052 diversos
686 2979 1164 3051 Grammaticos
1223 2995 1287 3050 et
1343 2983 1402 3047 R
1454 2994 1660 3047 etores
1712 2979 2081 3059 tradantur,
2142 2993 2215 3045 ut

89 3069 185 3136 vel
237 3097 319 3138 ex
372 3066 672 3136 eiusdem
733 3061 1157 3154 Quinctiliani
1210 3062 1354 3134 loco
1413 3078 1590 3158 patet
1656 3060 1767 3131 lib.
1811 3067 1922 3131 IX.
1970 3088 2107 3156 cap.
2149 3067 2212 3129 3.

89 3180 153 3248 p.
196 3161 346 3223 808.
408 3153 490 3222 de
549 3150 1191 3241 Carthaginiensibus
1244 3153 1694 3220 Romanorum
1755 3146 2081 3229 hostibus,
2157 3144 2215 3213 si

93 3235 462 3310 conseratur
522 3263 671 3305 cum
729 3231 841 3304 lib.
880 3241 998 3304 IV.
1045 3236 1127 3304 ad
1170 3239 1403 3304 Heren.
1453 3256 1590 3325 cap.
1631 3238 1730 3312 ³4·
1774 3232 1946 3301 unde
1989 3249 2203 3300 tamen

90 3325 358 3392 minime
408 3320 851 3409 colligendum
892 3319 1009 3403 sit,
1057 3319 1323 3391 eosdem
1353 3318 1679 3389 ethorum
1723 3327 1785 3386 et
1810 3315 2071 3394 illorum
2111 3339 2295 3385 xxvn

96 3435 365 3503 operum
408 3424 705 3476 auctores
752 3431 920 3483 esse;
1016 3431 1135 3475 uae
1178 3401 1668 3495 argumentandi
1711 3401 1877 3471 ratio
1930 3401 1986 3470 si
2040 3400 2209 3470 reci-

97 3512 387 3586 peretur,
435 3490 594 3560 nihil
633 3490 866 3560 certius
910 3431 1241 3574 adiirmari
1282 3504 1540 3582 posset,
1583 3509 1778 3581 quam
1825 3485 2211 3557 Ciceronem

101 3579 431 3671 utriusque
485 3576 682 3648 huius
751 3575 1086 3647 Rhetorici
1147 3575 1361 3671 operis
1419 3590 1750 3643 auctorem
1807 3597 1983 3656 esse,
2056 3570 2211 3668 quia

168 3787 215 3853 ')
248 3787 343 3838 An
372 3813 444 3826 -—
465 3785 585 3839 sire
617 3787 671 3836 in
709 3782 1051 3836 disiunctione
1074 3780 1346 3851 putidum3
1382 3797 1550 3848 neque
1573 3781 1719 3832 aliter
1745 3781 1968 3832 voluisse
1989 3778 2212 3846 scripto-

231 3871 342 3907 tem
402 3857 725 3906 conformare
789 3855 1071 3903 orationem
1124 3851 1391 3919 probabile
1444 3863 1535 3902 est.
1617 3849 1686 3914 ”)
1728 3846 2045 3900 Prae-valere
2089 3850 2212 3898 licet

231 3943 333 3978 non
369 3926 793 3984 Ciceronianum,
829 3924 1053 3991 probum
1091 3934 1260 3989 tamen
1299 3931 1349 3969 et
1390 3918 1528 3987 apud
1567 3919 1808 3981 Livium,
1845 3917 1934 3984 qui
1974 3918 2024 3966 in
2053 3917 2224 3985 praef.-

230 3997 379 4046 totius
431 3996 598 4063 operis
636 3994 906 4062 participio
940 3995 1129 4056 utitur,
1187 4001 1238 4039 et
1288 3989 1426 4057 apud
1481 3989 1744 4041 Catullum
1794 3987 1904 4047 vl,
1961 4000 2070 4049 ιι,
2117 3990 2209 4052 qui

229 4063 372 4114 habet
404 4064 749 4132 impersonale
774 4059 1091 4130 praevalet,
1139 4072 1393 4127 praeterea
1429 4057 1562 4128 apud
1598 4055 1890 4114 Velleium,
1935 4056 2210 4106 Columel-

230 4135 355 4197 lam,
388 4133 624 4184 Plinium
656 4133 907 4183 maiorem
951 4134 1180 4200 aliosque
1225 4129 1457 4184 obvium.
1524 4128 1620 4193 ···)
1647 4127 1934 4194 Fortasse.
1998 4125 2057 4193 †)
2102 4128 2209 4177 In-

228 4206 526 4256 veniamur.
1747 4199 1752 4210 '

1994 4298 2043 4356 C
