2809 4900
617 382 798 436 xxvl
927 356 1272 432 PETRI
1320 348 1903 432 BURMANNI
1951 358 2438 434 SECUNDI

617 526 1089 599 commentarios
1104 584 1123 610 ,
1163 558 1317 623 quos
1360 536 1721 598 adolescens
1785 539 2126 599 deduxerat
2140 585 2157 613 ‚
2218 540 2495 613 scholae,
2556 551 2619 599 et
2680 542 2744 598 si

616 646 749 709 qua
810 639 904 685 est
961 629 1030 684 in
1086 626 1187 685 1ιὼ
1247 626 1477 702 culpa,
1536 625 1846 684 tradentis
1906 637 2015 685 est.
2120 626 2211 691 Et
2263 621 2492 716 paullo
2546 640 2739 717 post:

615 716 713 778 Μ
776 712 1019 771 Tullius
1062 732 1188 771 non
1240 712 1557 771 dubitavit
1611 714 1857 792 aliquos
1917 700 2047 770 ia‘m
2104 713 2300 771 editos
2355 713 2545 771 libros
2601 715 2746 791 ipse

616 799 950 871 damnare,
994 801 1160 857 sicut
1229 797 1527 857 Catulum
1585 810 1775 879 atque
1828 799 2172 857 Lucullum
2189 842 2204 873 ,
2266 810 2327 857 ei
2384 800 2494 858 hos
2546 800 2746 876 ipsos,

615 885 692 943 de
732 884 957 965 quibus
1001 885 1175 945 modo
1217 904 1355 941 sum
1397 884 1675 958 locutus,
1720 889 1882 944 artis
1922 886 2309 945 Rhetoricae.
2415 880 2583 949 Hinc
2627 903 2746 950 se—

615 966 837 1060 quitur
880 964 1091 1047 ultro,
1140 964 1520 1033 Ciceronem
1563 965 1780 1058 ipsum
1822 990 1940 1061 per
1981 965 2185 1037 libros
2221 966 2377 1036 iilos
2421 964 2745 1034 Rhetori-

614 1077 763 1133 c03,
810 1075 976 1146 quos
1016 1049 1196 1117 velut
1234 1046 1610 1152 impolitum
1660 1076 1776 1120 nec
1821 1052 1974 1120 satis
2013 1051 2421 1122 elaboratum
2465 1050 2742 1119 adoies-

614 1136 860 1205 eentiae
913 1163 952 1206 o
1045 1159 1074 1202 s
1115 1133 1515 1226 repud1avit,
1575 1134 1756 1205 solos
1802 1137 1882 1205 de
1927 1137 2297 1206 Inventione
2341 1134 2738 1223 intelligere,

612 1238 679 1290 et
722 1221 842 1290 hos
884 1245 920 1289 a
1016 1218 1414 1287 Herennium
1454 1219 1683 1291 Tullio
1728 1221 2191 1292 abiudicandos
2239 1247 2399 1303 esse,
2444 1221 2598 1315 quia
2639 1221 2735 1289 ab

614 1332 694 1375 eo
751 1330 962 1398 neque
1021 1321 1166 1372 ante
1219 1329 1430 1398 neque
1483 1323 1635 1398 post
1691 1304 1892 1376 libros
1952 1307 2030 1375 de
2097 1307 2470 1376 Inventione
2533 1304 2740 1375 scribi

611 1406 985 1486 potuerunt,
1031 1388 1209 1484 quod
1251 1388 1416 1458 bene
1459 1390 1912 1461 animadvertit
1953 1386 2164 1460 Aldus
2206 1392 2277 1460 in
2321 1390 2601 1459 Praefat.
2641 1389 2742 1458 ad

611 1476 817 1544 Andr.
876 1474 1302 1559 Naugerium.
1423 1480 1596 1546 Nam
1659 1475 1732 1548 ‚si
1798 1502 1961 1571 puer
2029 1493 2142 1545 aut
2208 1472 2740 1546 adolescentulus

614 1561 780 1631 duos
822 1558 980 1631 istos
1026 1561 1106 1629 de
1151 1561 1529 1630 Inventione
1569 1578 1817 1630 tantum
1859 1559 2223 1644 inchoavit,
2277 1560 2599 1654 rudesque
2666 1577 2745 1629 et

610 1646 1024 1741 imperfectos
1066 1643 1365 1739 reliquit,
1429 1646 1692 1740 quando
1755 1646 1954 1746 igitur
2007 1646 2129 1717 hos
2184 1646 2284 1715 ad·
2329 1644 2744 1714 Herennium

611 1731 1022 1825 composuit?
1109 1736 1216 1797 An
1265 1730 1578 1824 puerulus
1624 1747 1736 1800 aut
1772 1731 2029 1831 infans?
2054 1732 2319 1879 capum
2379 1730 2741 1799 adfirmare

611 1817 968 1885 absurdum
1013 1831 1197 1885 esset.
1281 1821 1617 1879 lac-houton
1680 1841 1837 1886 vero
1899 1834 1963 1886 et
2020 1842 2056 1877 r
2140 1842 2204 1878 es
2266 1842 2409 1885 cum
2469 1831 2752 1883 testetur

554 1962 559 1973 .
610 1901 737 1970 sibi
783 1901 983 1971 libros
1028 1926 1183 1970 suos
1227 1900 1613 1971 Rhetoricos
1661 1927 1736 1969 ex
1798 1900 2348 1971 commentariolis
2412 1899 2746 1969 formatos

610 1986 952 2070 excidisse,
1001 1986 1080 2055 de
1125 2010 1319 2080 opere
1363 1987 1449 2055 ad
1503 1986 1899 2057 Herennium
1946 2012 2100 2055 sane
2143 1984 2422 2075 intellig-i
2478 1984 2743 2078 nequit,

703 2072 789 2142 od
845 2090 1124 2166 quatuor
1186 2071 1368 2140 libris
1418 2072 1683 2161 integ-ris
1735 2089 2021 2154 constat,
2084 2072 2154 2140 in
2215 2070 2449 2166 quibus
2506 2086 2748 2139 auctor

604 2158 631 2227 i
666 2156 725 2225 le
766 2156 958 2227 iactat
995 2158 1066 2225 in
1109 2157 1236 2226 fine
1285 2162 1454 2221 nihil
1504 2162 1847 2221 rhetoricae
1899 2163 2361 2240 praeceptionis
2414 2163 2748 2239 praeteri-

607 2261 744 2307 tum
779 2268 924 2305 esse.
1014 2241 1087 2310 Si
1128 2268 1283 2312 vero
1328 2270 1441 2313 eos
1485 2242 1956 2336 composuisset
2007 2260 2156 2312 ante
2210 2242 2436 2311 libros*
2470 2241 2550 2308 de
2613 2246 2744 2308 In·-

604 2327 939 2411 ventione,
986 2353 1098 2396 cur
1155 2327 1178 2395 i
1226 2328 1353 2396 itur
1411 2352 1732 2422 nusquam
1792 2327 1932 2396 illic
1986 2355 2209 2398 eorum
2273 2325 2605 2407 meminit,
2672 2327 2742 2395 si

604 2414 685 2484 de
732 2414 959 2483 eadem
1003 2428 1138 2482 arte
1227 2414 1279 2482 is
1324 2413 1691 2508 scripserit,
1755 2413 1972 2483 autin
2015 2412 2277 2508 Topicis
2335 2409 2440 2481 vel
2504 2411 2743 2480 Parti-

422 2523 426 2527 ·
514 2528 603 2578 xx
682 2499 965 2568 tionibus
1012 2498 1346 2569 oratoriis:
1407 2525 1619 2593 neque
1665 2516 1994 2594 praeterea
2038 2516 2188 2593 post
2230 2498 2435 2568 libros
2481 2496 2559 2563 de
2611 2502 2742 2564 In-

600 2584 900 2654 ventione
964 2583 1234 2677 scriptos
1298 2610 1438 2653 esse
1496 2584 1827 2652 adfirmari
1890 2601 2136 2678 potest,
2197 2600 2271 2652 ut
2330 2581 2744 2679 existimasse

600 2670 899 2738 videntur
957 2667 1099 2751 illi,
1225 2669 1290 2737 ui
1350 2669 1611 2738 titulum
1673 2669 2060 2738 Rhetoricae
2119 2669 2348 2738 veteris
2406 2667 2745 2760 open'de

598 2754 1011 2836 Inventione,
1090 2770 1152 2822 et
1277 2753 1595 2824 betoricae
1670 2779 1875 2823 novae
1935 2753 2118 2822 libris
2176 2754 2260 2822 ad
2320 2751 2742 2821 Herennium

596 2840 1008 2921 indiderunt,
1052 2840 1207 2950 quia
1252 2840 1308 2907 si
1352 2839 1689 2907 maturiori
1751 2856 1957 2908 aetate
2016 2838 2267 2930 doctior
2321 2862 2432 2906 eos
2492 2834 2742 2904 elucu-

597 2924 881 3005 brasset,
960 2924 1300 3024 politiores
1376 2949 1535 2994 sane
1596 2941 1660 2995 et
1715 2924 1922 3014 magis
1983 2922 2138 2992 culti
2199 2922 2506 2991 deberent
2552 2946 2738 3005 esse,

598 3034 796 3105 quam
846 3009 996 3077 libn
1040 3011 1120 3079 de
1177 3009 1585 3092 Inventione,
1652 3035 1798 3078 cum
1861 3008 2098 3103 quibus
2160 3008 2215 3077 si
2271 3023 2744 3099 comparentur
2807 3059 2808 3062 ,

594 3095 671 3165 hi
714 3096 800 3163 ad
849 3094 1245 3163 Herennium
1267 3146 1286 3177 ,
1349 3093 1500 3165 licet
1553 3119 1670 3180 sua
1727 3093 1919 3163 laude
1975 3119 2110 3162 non
2165 3090 2550 3173 fraudandi,
2617 3108 2741 3162 ta·-

594 3206 747 3250 men
803 3179 1100 3248 rudiores
1159 3179 1474 3273 adparent
1551 3204 1625 3248 ac
1699 3179 1905 3268 magis
1984 3178 2221 3260 ieiuni,
2295 3201 2505 3270 neque
2573 3174 2739 3249 ullo

595 3266 796 3334 modo
846 3264 1107 3334 aduitae
1151 3280 1215 3332 et
1259 3281 1547 3333 maturae
1609 3263 1945 3332 Ciceronis
2008 3261 2419 3357 eloquentiae
2474 3286 2736 3330 conve-

593 3350 770 3418 nire:
838 3348 1055 3419 multo
1114 3348 1328 3418 minus
1394 3347 1613 3441 scripti
1691 3348 1951 3418 fuerunt
2030 3365 2180 3441 post
2237 3345 2561 3435 Dialogos
2640 3347 2737 3417 de

598 3441 904 3513 Oratore,
947 3434 1059 3528 qui
1094 3433 1390 3502 omnium
1421 3432 1872 3527 perfectissimi
1915 3450 2084 3515 sunt,
2128 3449 2241 3502 aut
2281 3447 2432 3526 post
2475 3429 2739 3501 librum

596 3518 676 3588 de
729 3518 945 3588 Claris
990 3517 1420 3600 Oratoribus,
1471 3517 1573 3587 vel
1625 3521 2010 3602 Oratorem,
2053 3518 2138 3586 de
2175 3543 2310 3622 quo
2348 3516 2366 3583 i
2419 3541 2486 3584 se
2518 3530 2740 3585 testa-

592 3620 700 3675 tur
744 3603 861 3686 lib,
902 3609 1021 3671 Vl.
1064 3603 1148 3671 ad
1190 3607 1375 3672 Fam.
1423 3606 1550 3697 Ep.
1598 3609 1694 3671 18.
1783 3609 1863 3666 Se
1877 3652 1896 3690 ,
1938 3606 2249 3690 quidqmd
2280 3607 2367 3665 Ιια
2409 3606 2572 3662 uerit
2614 3608 2741 3664 iu-

592 3696 748 3753 dieii
783 3694 859 3751 de
899 3692 1190 3765 dicendo,
1246 3696 1315 3751 in
1359 3692 1540 3751 illum
1597 3691 1824 3752 librum
1879 3695 2233 3752 contulisse.
2334 3691 2496 3756 Post
2557 3684 2734 3757 illos

591 3774 767 3845 enim
810 3773 923 3868 qui
968 3774 1050 3842 ab
1106 3776 1338 3846 eodem
1392 3789 1653 3842 auctore
1711 3775 2107 3870 compositos
2167 3798 2306 3843 esse
2362 3770 2568 3840 libros
2630 3775 2733 3842 ad

589 3859 995 3950 Herennium
1041 3859 1431 3940 somniaret,
1479 3858 1532 3926 is
1577 3858 1906 3953 profecte,
1974 3860 2133 3955 quid
2191 3856 2435 3952 lupinis
2478 3855 2736 3928 distent

585 3944 1199 4025 aerasdiscernere·
1234 3943 1549 4037 nequiret.
1607 3989 1612 3998 -
1654 3943 1775 4012 His
1829 3970 1984 4014 vero
2041 3944 2493 4035 similibusque
2553 3940 2732 4011 artis

587 4027 1036 4103 oratoriae.ac
1079 4029 1439 4098 rhetoricae
1482 4028 1786 4121 operibus
1828 4030 2219 4125 promeritus
2267 4043 2362 4095 est
2396 4051 2436 4093 a
2474 4023 2730 4092 veteri-

583 4115 708 4194 bus
753 4113 1073 4185 recenseri
1118 4130 1182 4183 et
1222 4114 1294 4182 in
1351 4114 1724 4208 exemplum
1770 4114 2049 4209 proponi
2094 4114 2405 4191 illorum,
2448 4194 2463 4208 ·
2511 4109 2577 4176 ui
2642 4109 2727 4180 in

584 4227 701 4274 sua
775 4200 1091 4296 quisqu·-
1118 4216 1256 4271 arte
1324 4198 1647 4296 principes
1726 4198 2123 4271 exstiterunt.
2223 4196 2469 4269 Notabl
2499 4219 2557 4263 is
2616 4212 2730 4266 est
