2809 4900
626 369 810 419 xviii
922 334 1272 417 PETRI
1318 346 1894 417 BURMANNI
1947 344 2430 416 SECUNDI

542 584 547 587 ,
644 524 973 603 Virginius
1019 520 1234 580 studia
1277 524 1573 582 iuvenum
1613 523 1985 619 eloquentia,
2012 523 2352 583 Musonius
2390 519 2771 599 praeceptis

549 626 647 674 xii
730 611 1082 686 sapientiae
1122 608 1431 689 fovebat,·
1495 604 1586 674 ita
1632 631 1808 673 enim
1866 621 2032 674 recte
2071 603 2458 693 castigatum
2499 625 2540 669 a
2592 599 2770 667 viris

634 689 879 772 doctis,
950 713 1081 758 non
1160 696 1520 774 Virginium
1586 694 1852 783 Rufum.
1970 694 2160 757 Duos
2218 687 2392 758 enim
2455 686 2769 754 diversos

624 775 1017 864 distinguit,
1068 775 1199 843 Vir
1244 774 1456 844 iniuin
1501 776 1893 858 Rhetorem,
1936 791 2000 843 et
2038 773 2422 842 Musonium
2467 769 2769 852 Rufum,

634 877 838 929 sectae
896 857 1150 931 Stoicae
1274 859 1735 955 hilosophiim,
1825 861 1904 930 de
1962 884 2093 952 quo
2151 856 2368 929 notavi
2424 852 2770 924 nonnulla

552 980 559 993 ·
631 945 721 1013 ad
768 943 884 1014 lib.
930 950 980 1013 1.
1069 944 1336 1013 Anthol.
1380 950 1521 1014 Lat.
1567 950 1694 1040 Ep.
1742 976 1840 1039 79.
1930 944 2133 1032 Quod
2189 952 2403 1012 autem
2460 938 2766 1008 Vossius

634 1032 714 1099 de
754 1028 1142 1126 Nannhot.
1187 1054 1326 1123 cap.
1378 1037 1474 1098 13.
1541 1032 1840 1100 eumdem
1897 1029 2070 1100 bunc
2129 1028 2356 1097 Tacito
2415 1048 2770 1122 memora-

636 1131 775 1184 tum
839 1118 969 1182 Vir
1017 1114 1223 1181 inium
1282 1113 1479 1183 faciat
1532 1140 1606 1184 ac
1632 1117 1706 1203 ¹¹²)
1767 1114 2002 1196 illum,
2064 1115 2143 1183 de
2251 1138 2337 1182 uo
2393 1116 2772 1181 Suetonius

637 1197 842 1290 egerit
884 1197 952 1268 in
969 1141 1174 1283 &libro
1220 1200 1297 1267 de
1339 1198 1536 1268 claris
1583 1199 2007 1279 Rhetoribus,
2047 1199 2218 1268 scien
2267 1223 2380 1266 um
2420 1212 2536 1277 est,
2579 1190 2764 1273 nihil

636 1282 833 1352 hodie
878 1282 957 1352 de
998 1280 1311 1373 virginio
1356 1284 1642 1353 Rhetore
1681 1284 1753 1350 in
1794 1284 1920 1353 isto
1952 1282 2252 1352 Suetonii
2281 1308 2475 1375 opere
2507 1278 2767 1348 mutilo

641 1366 806 1450 levi,
879 1368 990 1436 sed
1059 1367 1130 1435 in
1207 1366 1534 1455 Catalogo
1603 1367 1968 1439 Rhetorum
2024 1392 2064 1437 a
2123 1365 2438 1436 Suetonio
2493 1380 2769 1459 praeter

641 1452 658 1468 ’
765 1477 838 1535 s,
894 1452 1009 1545 qui
1061 1478 1241 1551 nunc
1282 1469 1583 1549 ‘esis-tant,
1641 1452 2094 1533 laudatorum,
2171 1478 2367 1546 quem
2426 1477 2503 1519 ex
2566 1448 2764 1545 codd:

636 1480 836 1613 bISS.
915 1535 1205 1606 Achilles
1261 1540 1511 1607 Statius
1569 1537 1740 1607 notis
1797 1537 1936 1607 suis
1997 1537 2373 1618 subiunxit,
2435 1557 2767 1605 recenseri

650 1627 1022 1703 Virgilium,
1090 1622 1259 1705 sive,
1319 1638 1393 1691 ut
1453 1621 1837 1712 legendum,
1912 1629 2272 1708 Vir-giacum
2331 1627 2656 1695 Flavum·
2703 1633 2767 1685 et

639 1706 733 1778 sic
776 1707 846 1776 in
887 1708 1073 1776 codd.
1118 1711 1263 1785 MS.
1328 1711 1578 1777 Bonav.
1678 1708 1992 1779 Vulcanii
2050 1708 2348 1777 eumdem
2402 1704 2633 1775 vocari
2696 1702 2768 1770 in

639 1793 770 1861 vita
811 1790 1061 1871 Persii„
1105 1790 1426 1860 Suetonio
1466 1791 1661 1862 etiam
1716 1792 1920 1883 vulgo
1980 1793 2343 1874 adtributa,
2404 1793 2489 1863 ad
2556 1787 2765 1859 Taci-

640 1894 783 1947 tum
831 1875 1093 1947 monuit
1131 1875 1420 1970 Lipsius,
1506 1878 1638 1946 Sed
1680 1878 1836 1972 quia
1881 1879 2037 1949 haec
2083 1879 2214 1947 duo
2260 1875 2591 1967 gentilitia
2634 1898 2765 1940 no-

640 1961 826 2031 mina
867 1977 1037 2042 sunt,
1079 1978 1315 2031 rectius
1358 1967 1718 2045 Virginium
1741 1969 2043 2026 Flaccum
2082 1961 2210 2032 dici
2242 1978 2451 2031 censet
2474 1976 2763 2055 patruus

640 2071 824 2137 meus
885 2046 969 2114 ad
1028 2045 1349 2144 Quinctil.
1410 2046 1526 2115 lib.
1568 2051 1685 2116 XI.
1721 2072 1885 2141 rap.
1944 2056 2004 2117 3.
2062 2071 2214 2142 pag.
2274 2050 2454 2115 1026.
2520 2069 2566 2113 a
2623 2066 2762 2138 quo

643 2131 973 2202 diversum
1019 2129 1403 2219 virginium
1448 2131 1800 2202 Rhetorem
1847 2131 2164 2211 arbitror,
2225 2156 2264 2200 a
2323 2129 2552 2200 Tacito
2617 2154 2765 2196 me·-

640 2233 1009 2296 moratum,
1048 2240 1197 2284 cuin
1230 2241 1376 2313 ‘quo
1401 2216 1684 2285 Vossius
1714 2217 2050 2286 confundit
2079 2214 2461 2305 virginium
2497 2214 2760 2284 Rufum

645 2294 1004 2370 Consulem
1038 2349 1057 2380 ,
1144 2324 1329 2369 cuius
1420 2299 1644 2370 laudes
1712 2301 2019 2371 describit
2083 2302 2345 2369 Plinius
2415 2300 2761 2369 Secundus

644 2384 761 2455 lib.
805 2391 889 2454 11.
945 2384 1131 2479 epist.
1186 2414 1239 2454 1.
1300 2384 1570 2481 eiusque
1634 2386 2068 2482 Epitaphium
2124 2385 2378 2456 exbibet
2450 2385 2568 2454 lib.
2635 2387 2755 2450 VI.

640 2497 744 2565 ep.
795 2500 890 2544 io.
950 2487 1013 2539 et
1071 2468 1185 2538 lib.
1231 2475 1346 2539 IX.
1402 2497 1503 2565 ep.
1569 2502 1704 2565 19.,
1813 2475 1945 2542 uod
2003 2471 2251 2542 inserui
2309 2469 2758 2560 Anthologiae

530 2639 539 2650 ¹
639 2559 781 2653 Lat.
828 2554 957 2653 lib.
1001 2559 1085 2651 Il.
1131 2575 1253 2647 ep.‘
1278 2562 1380 2624 55.
1429 2556 1542 2625 ubi
1578 2582 1799 2625 nonnu
1835 2556 1898 2627 la
1929 2561 2008 2627 de
2038 2555 2351 2646 Virginio
2386 2557 2511 2625 isto
2547 2553 2754 2633 Ruso,

526 2655 531 2662 ‘
640 2639 942 2708 Vindicis
998 2654 1271 2719 Victore,
1348 2639 1689 2723 adnotavi,
1747 2643 1862 2736 qui
1926 2642 2095 2711 nihil
2156 2666 2498 2711 commune
2557 2641 2786 2728 habet·

642 2749 792 2822 cum
838 2721 1152 2814 Virginio
1199 2723 1515 2808 Rhetore,
1574 2752 1770 2821 quem
1813 2730 1933 2798 sub
1979 2734 2238 2797 Nerone
2283 2742 2572 2795 recenset
2617 2730 2755 2791 Ta-

641 2826 841 2892 citus,
886 2824 949 2877 et
1007 2813 1365 2889 Virginium
1404 2828 1626 2890 vocat,
1684 2830 1759 2882 ut
1802 2810 2332 2901 Quinctilianus,
2387 2836 2522 2878 non
2604 2815 2757 2874 Vir-

635 2901 883 2978 giniam
921 2896 1203 2974 Ruficm,
1261 2920 1340 2963 ne
1388 2922 1468 2965 ue
1526 2896 1698 2964 enim
1754 2898 1905 2968 Rufi
1967 2896 2139 2964 illud
2180 2921 2536 2986 cognomen
2585 2894 2756 2961 vir-

687 2977 805 3077 inii
849 2977 1157 3077 Rhetoris
1199 2980 1309 3077 sed
1343 2921 1650 3050 ‹hliisonii
1711 2980 2099 3076 Philosophi
2158 2997 2288 3063 est,
2349 2979 2526 3075 quod
2578 2978 2754 3048 male

706 3086 888 3154 egius
931 3079 995 3132 et
1032 3062 1191 3144 alii,
1231 3064 1485 3162 vitiosis
1534 3065 1742 3136 'l'aciti
1807 3064 2236 3143 editionibus,
2299 3090 2467 3158 quae
2532 3071 2753 3148 Virgi-

643 3156 817 3212 nium
856 3151 1104 3232 Rufum
1145 3148 1479 3232 exhibent,
1526 3155 1672 3220 dece
1721 3153 1766 3220 ti
1785 3204 1808 3234 „
1853 3149 2241 3220 addiderunt
2282 3149 2434 3220 huic
2475 3148 2754 3220 Rhetori

644 3230 999 3331 virginio,
1041 3233 1146 3301 cui
1176 3233 1523 3305 Rhetorica
1565 3237 1652 3306 ad
1675 3179 2092 3306 liin-ennium
2135 3233 2474 3304 tribuenda
2519 3234 2752 3303 harioa-

643 3315 969 3415 lati-sunt.
1000 3402 1017 3415 .
1057 3321 1161 3386 Ea
1207 3335 1422 3388 autem
1470 3320 1720 3390 ratione
1763 3323 2061 3391 inductus
2103 3319 2447 3413 praecipue
2492 3318 2562 3389 id
2605 3345 2751 3389 cre-

643 3401 813 3470 didit
852 3406 1135 3491 Regius,
1181 3401 1339 3496 quia
1381 3422 1619 3474 statum
1667 3407 1735 3475 in
1771 3423 1907 3476 arte
1951 3403 2295 3473 Rhetorica
2341 3406 2750 3480 coniectura-

644 3487 812 3585 lem,
906 3484 1189 3576 legalem
1264 3504 1327 3557 et
1395 3489 1832 3560 iuridicialem
1906 3489 2033 3558 Vir
2082 3489 2215 3558 inio
2288 3489 2439 3559 huic
2513 3488 2750 3559 tribuit

642 3571 925 3669 lfabius,
996 3595 1164 3664 quae
1238 3574 1461 3644 eadem
1534 3575 1823 3656 definitio
1893 3577 1965 3645 in
2074 3576 2128 3643 is
2194 3576 2279 3644 ad
2342 3574 2748 3645 Herennium

529 3751 533 3760 Ι
645 3652 835 3724 libris
887 3672 1183 3726 occurrat
1221 3659 1366 3749 ¹'¹¹¹¹‘).
1470 3661 1605 3730 Sed
1652 3660 1975 3732 revocavit
2000 3663 2165 3752 ¹***)
2223 3663 2606 3731 sententiam
2659 3656 2748 3728 ad

712 3845 760 3909 Ἴ
795 3845 1085 3925 Dicendum
1122 3855 1305 3917 alque.
1370 3850 1442 3914 *¹*)
1477 3852 1593 3902 Die.
1632 3852 1959 3907 inveniatur.
2022 3855 2120 3921 ***)
2162 3855 2306 3923 Quid
2344 3853 2444 3905 hoc
2477 3849 2593 3902 est?
2653 3850 2746 3902 ‘An

780 3923 1042 3974 mutavit,
1083 3921 1401 3970 retractavit
1436 3921 1800 3981 ceurentium,
1835 3924 1975 3989 quod
2010 3927 2256 3975 coniicere
2303 3921 2444 3988 Jicet'
2478 3939 2540 3971 ex
2583 3921 2749 3989 pei-ti·-

778 3985 892 4031 0¹¹¹²
941 3983 1245 4035 *dverufin
1297 3989 1440 4040 sed?
1526 3991 1593 4039 At
1646 3990 1741 4038 hoc
1790 3994 2069 4054 siguificare
2110 3998 2284 4062 nequit
2338 3996 2464 4052 haec
2507 3993 2747 4041 formula.

777 4053 1052 4104 ‚nt-vocare
1091 4057 1224 4104 enim
1260 4059 1598 4108 sententiam
1638 4072 1708 4107 est
1751 4063 2008 4113 omissam
2041 4064 2317 4123 reducere,
2352 4061 2604 4129 repimere
2640 4059 2747 4108 im-

770 4118 1087 4200 Pr⁰⁶⁰¹⁰f¹⁸v
1149 4125 1457 4176 Inetaurare
1522 4145 1775 4178 eversam.
1867 4130 2137 4198 Propterea
2189 4133 2466 4183 dicendum
2510 4131 2607 4179 fuit
2657 4144 2747 4176 re-

776 4195 1040 4241 tractavit
1076 4194 1430 4246 sententiam.
1516 4198 1588 4249 Se
1635 4213 1881 4252 revocare
1927 4202 2025 4253 boc
2074 4219 2226 4255 sensu
2274 4204 2480 4253 affertur
2529 4215 2591 4254 ex
2637 4196 2742 4250 Cic·
